3420 5190
691 420 911 467 MORDENTIVS.

601 705 714 770 Panm
738 725 1005 771 nuncusranrro.

319 935 421 999 Nunc
452 934 480 998 si
507 934 594 999 scire
621 933 739 1021 cupias
764 935 802 1000 in
827 936 940 1022 posita
963 935 1056 1001 linea
1079 936 1151 1000 AB
1177 942 1306 1021 quanta
1325 935 1389 1000 eit¹

231 1060 355 1126 fractio
379 1060 439 1126 illa
463 1059 544 1143 BF,
565 1060 676 1146 primo
701 1061 800 1147 signa
822 1061 917 1126 illam
938 1084 1040 1149 super
1058 1061 1143 1144 DE,
1164 1067 1198 1127 et
1222 1062 1267 1127 sit
1291 1061 1371 1126 DF.

232 1184 389 1252 Secundo
406 1192 592 1272 expuncto
610 1187 635 1250 Ο
656 1186 784 1251 lineam
803 1198 932 1251 rectam
952 1210 1056 1273 super
1071 1187 1143 1251 AB
1163 1185 1269 1270 trahe,
1286 1209 1373 1273 quae

186 1315 207 1380 5
231 1312 297 1377 erit
315 1312 358 1377 ad
376 1319 545 1399 punct-um
562 1309 607 1393 (ἡ
631 1318 784 1397 tuncque
802 1320 917 1398 partes
941 1313 1020 1378 illae
1041 1313 1304 1400 comprehensae
1323 1312 1375 1376 in·

231 1445 285 1503 ter
303 1438 335 1503 A
360 1446 394 1503 et
418 1436 449 1501 G
469 1437 642 1502 notabunt
667 1437 733 1502 tibi
757 1439 904 1522 minuta,
925 1445 1133 1524 quaeerunt
1152 1460 1276 1505 novem
1295 1460 1374 1503 cum

231 1563 347 1648 aliqua
361 1563 481 1649 ignota
494 1562 672 1629 fractione.
684 1563 800 1628 Tertio
814 1563 934 1649 ignota
947 1564 1007 1630 illa
1018 1563 1211 1630 definienda
1224 1563 1371 1651 accipia-

231 1696 297 1772 tur,
309 1695 343 1754 et
355 1689 473 1754 eadem
486 1711 553 1774 qua
565 1689 696 1754 dictum
708 1697 759 1753 est
771 1690 882 1755 forma
898 1697 1048 1776 ponatur
1064 1713 1165 1778 super
1179 1690 1272 1755 linea
1287 1689 1319 1754 D
1328 1688 1372 1771 Ε,

231 1821 266 1879 et
286 1817 290 1900 Ι
311 1821 504 1901 operarent
519 1816 625 1902 priua,
637 1815 859 1902 quoadusque
872 1816 915 1881 ad
928 1816 1217 1903 complementum
1229 1814 1374 1880 minutis
1400 1817 1482 1881 10v

167 1949 210 2015 10
232 1940 394 2025 secunda,
415 1941 574 2006 secundis
593 1941 697 2006 tertia
717 1948 751 2005 et
767 1941 803 2005 id
821 1964 931 2027 genua
950 1941 1018 2006 alia
1037 1940 1267 2006 subiunxeriS.

407 2202 565 2268 Sacrum
590 2223 626 2268 m
649 2222 764 2268 annau
787 2223 913 2267 meum
937 2220 1203 2267 nnuousrmrro.

320 2435 416 2500 Idem
435 2433 600 2517 invenies,
631 2433 660 2497 si
691 2456 711 2497 a
739 2441 868 2519 puncto
885 2431 914 2496 B
933 2431 995 2497 uni
1009 2431 1203 2518 positarum
1221 2431 1374 2519 partium

232 2559 408 2646 aequalem
440 2561 568 2626 lineam
607 2559 738 2643 trahae,
772 2581 858 2644 quae
887 2558 932 2623 eit
960 2557 1043 2622 BH.
1083 2557 1240 2622 Secundo
1269 2556 1313 2621 ab
1341 2555 1376 2620 H

233 2686 275 2751 ad
296 2692 462 2773 punctum
485 2686 518 2750 A
542 2685 646 2750 ducas
666 2685 791 2749 lineam
817 2683 983 2769 angulum
1006 2689 1138 2748 rectum
1162 2682 1376 2747 constituen-

167 2822 208 2884 lo
231 2823 316 2898 tem,
329 2815 388 2900 qui
408 2822 460 2878 est
478 2811 604 2876 AHB.
625 2811 742 2876 Tertio
762 2811 799 2875 in
818 2811 909 2875 linea
933 2809 1005 2874 BH
1029 2809 1145 2895 capias
1168 2807 1374 2873 fractionem

231 2939 395 3006 fractioni
417 2939 483 3003 BF
508 2936 699 3022 aequalem,
725 2959 812 3021 quae
836 2935 882 3001 sit
905 2935 973 3000 HI.
994 2934 1124 3012 Quarto
1144 2934 1188 2999 ab
1208 2934 1225 2998 1
1244 2940 1374 3020 puncto

232 3065 416 3154 protendas
446 3065 573 3130 lineam
602 3061 891 3147 aequidistantem
910 3083 930 3125 a
949 3060 1040 3124 linea
1070 3060 1157 3141 HA,
1178 3066 1213 3124 et
1237 3057 1372 3123 videbis

231 3191 328 3257 illam
351 3190 531 3278 pervenire
555 3212 662 3274 usquo
686 3189 729 3254 ad
752 3194 920 3275 punctum
937 3186 983 3270 G,
1002 3184 1063 3250 ubi
1082 3184 1214 3250 indicat
1238 3183 1376 3270 qua-nti-

231 3325 339 3383 tatem
362 3317 487 3401 linoae,
508 3317 597 3381 sicut
616 3339 677 3402 per
694 3314 843 3401 priorem
863 3312 967 3377 fiebat
986 3311 1229 3398 operationem.

420 3591 549 3656 Taum
574 3611 609 3654 IN
634 3609 748 3654 EADEM
771 3609 897 3653 FIGVRA
921 3606 1187 3652 Dauousraarm.

323 3822 418 3887 Idem
449 3822 478 3885 si
508 3821 612 3886 tertia
641 3820 697 3884 via
726 3820 811 3885 uelis
839 3819 1009 3902 invenire,
1040 3817 1242 3903 designatur
1273 3838 1375 3902 super

234 3957 363 4037 puncto
394 3949 425 4013 A
459 3947 632 4032 quadrans
666 3947 804 4030 circuli,
836 3947 932 4011 cuiue
957 3944 1216 4009 ‘eemirliumoter
1254 3941 1299 4007 sit
1334 3941 1378 4006 ad

236 4075 337 4140 unius
357 4074 466 4162 partia
487 4073 731 4158 quantitatem,
752 4072 854 4136 duct-a
874 4072 965 4136 linea
985 4071 1072 4135 ΚΝ.
1089 4068 1247 4135 Secundo
1266 4067 1309 4133 ad
1330 4068 1378 4132 al-

241 4224 324 4234 u--
332 4226 346 4231 -
354 4224 542 4231 ...-.-.-..-.--
552 4225 557 4229 .
578 4224 687 4230 ...-.---
700 4221 1043 4231 ........-.-..--.---..--

329 4310 359 4359 13
371 4325 426 4372 cqq.
443 4308 516 4357 nella
526 4306 621 4370 fissura
641 4314 681 4370 tp.
700 4307 764 4364 242)
783 4303 916 4371 eripiente
932 4319 1098 4353 maruan-auo
1116 4302 1138 4351 Ie
1156 4298 1315 4351 letter-0130
1330 4296 1378 4346 cle

235 4386 323 4439 lettere
344 4390 371 4439 Η
388 4389 403 4438 Ι
423 4387 480 4455 apli
492 4387 596 4437 <premi
609 4385 637 4436 di
651 4387 704 4437 ΑΗ
716 4403 728 4436 e
741 4386 795 4447 GI,·
813 4385 908 4436 molire
923 4385 975 4436 BH
989 4400 1038 4432 cro
1052 4382 1191 4446 ‹liar-qnam
1203 4376 1380 4444 perpendim-

236 4471 397 4521 larcaBA
460 4471 489 4520 21
502 4469 761 4534 s'orrcdeeignetur
823 4464 1088 4518 fflecmcdiamcter
