3420 5190
329 405 368 464 54
767 419 905 467 ronolru
926 419 1028 466 usvur

328 575 469 642 brorum
483 575 675 642 iudicamus
688 576 833 662 animal,
848 576 1102 664 distinguentes
1119 576 1197 643 visu
1213 573 1374 642 animalis
1383 575 1472 662 figu-

328 723 402 768 ram
419 701 610 767 iudicamus
625 700 816 786 hominem,
836 701 1228 768 coniicienteshabitum
1243 700 1334 767 circa
1346 723 1470 788 corpus

327 825 519 894 iudicamus
543 826 768 911 Germanum,
791 827 948 914 proximo
977 833 1093 894 autem
1114 826 1208 894 facto
1233 825 1471 912 cognoscimus

327 951 570 1018 Frischlinum.
587 952 651 1019 Est
669 953 774 1019 etiam
794 952 876 1019 ordo
896 952 1138 1040 cognoscendi,
1159 953 1248 1019 sicut
1266 975 1287 1018 a
1305 959 1380 1019 toto
1398 949 1471 1040 (ad)

283 1071 304 1136 ὖ
326 1085 454 1165 parteS,
472 1084 507 1143 et
522 1084 635 1144 totum
649 1084 701 1146 est
717 1079 857 1167 duplex:
878 1078 1073 1165 confusum,
1087 1084 1122 1145 et
1135 1078 1178 1144 de
1195 1079 1261 1145 hoc
1284 1076 1472 1165 exemplifi-

327 1209 442 1270 catum
466 1210 530 1288 est;
550 1211 585 1269 et
600 1203 805 1271 distinctum
822 1227 881 1271 seu
898 1205 1087 1290 artificiale,
1104 1212 1139 1270 et
1152 1204 1218 1270 hoc
1237 1211 1303 1287 est,
1319 1204 1410 1270 sicut
1425 1203 1469 1269 ab

325 1329 448 1396 habitu
471 1329 707 1417 metaphysico
734 1329 909 1396 ambiente
931 1336 1045 1396 totum
1068 1353 1128 1396 ens
1160 1329 1398 1396 descendimus
1425 1327 1470 1393 ad
1493 1331 1608 1396 45¹7
1625 1330 1669 1396 G

325 1454 492 1521 iudicium
516 1462 551 1521 et
577 1478 720 1521 examen
748 1454 931 1522 habituum
949 1455 1211 1543 particularium
1229 1453 1468 1536 scientiarum,

326 1604 413 1666 quae
431 1587 546 1668 partes
566 1581 656 1646 entis
679 1588 769 1647 sunt.
789 1581 941 1648 Rursum
961 1588 1012 1647 est
1031 1581 1113 1648 ordo
1138 1604 1158 1647 a
1180 1579 1340 1669 partibus
1359 1578 1403 1645 ad
1420 1585 1470 1645 to·

261 1704 304 1769 10
325 1713 413 1790 tum,
425 1706 514 1771 sicut
523 1706 562 1770 in
578 1705 737 1771 omnibus
749 1706 896 1790 artibus,
918 1705 922 1796 l
942 1707 980 1771 in
1000 1706 1124 1792 quibus
1143 1706 1187 1772 ab
1200 1704 1378 1771 elementis
1393 1725 1471 1791 pro-
1493 1713 1567 1777 4¹7
1580 1716 1638 1778 Μ

326 1831 477 1898 cedimus
501 1830 545 1896 ad
568 1830 788 1916 elementata,
809 1832 853 1898 ab
872 1832 1130 1919 integrantibus
1154 1831 1199 1897 ed
1221 1832 1409 1918 integrata,
1429 1835 1469 1894 ut

325 1956 362 2022 in
390 1956 616 2043 grammatica
640 1979 660 2021 a
684 1957 882 2042 cognitione
911 1957 1090 2024 literarum
1121 1963 1156 2023 et
1186 1956 1412 2045 syllabarum,
1431 1953 1469 2019 in

325 2082 512 2168 geometria
525 2105 545 2148 e
558 2081 757 2169 cognitione
766 2089 989 2170 punctorum,
1007 2082 1177 2148 linearum
1197 2089 1232 2148 et
1247 2081 1469 2167 angulorum,

325 2207 363 2272 in
382 2207 494 2295 logica
513 2231 533 2273 a
552 2206 750 2294 cognitione
773 2206 982 2295 simplicium
1006 2207 1232 2274 terminorum
1250 2205 1468 2295 procedimus

262 2329 304 2394 15
328 2333 372 2398 ad
395 2333 629 2421 cognitionem
652 2332 844 2399 dictionum
867 2340 902 2398 et
929 2333 1139 2419 orationum,
1168 2333 1252 2399 item
1274 2333 1464 2418 figurarum

326 2465 361 2524 et
376 2466 652 2525 mensuratorum
671 2457 714 2524 ad
730 2459 995 2546 compositiones
1014 2466 1049 2525 et
1064 2459 1246 2525 discursus

416 2584 566 2651 Proinde
582 2589 634 2650 est
645 2583 727 2650 ordo
740 2607 760 2649 a
771 2585 1039 2672 particularibus
1051 2585 1095 2652 ad
1107 2583 1330 2667 universalia,
1340 2582 1400 2669 qui
1415 2587 1467 2647 est

327 2710 413 2776 ordo
432 2708 655 2795 inquisit-ivus
672 2717 706 2773 et
725 2708 934 2776 inventivus.
949 2711 1152 2776 Lustrantes
1163 2709 1255 2774 enim
1265 2707 1403 2794 singula
1415 2707 1468 2773 in-

326 2835 468 2901 dividua
483 2834 641 2900 videmus
664 2834 748 2920 quid
772 2834 841 2900 illis
858 2836 903 2901 sit
920 2857 1113 2920 commune,
1132 2842 1167 2900 et
1183 2835 1377 2921 colligimus
1395 2855 1468 2920 spe-

260 2964 305 3028 20
329 2961 394 3025 ciei
422 2960 610 3042 rationem,
641 2960 828 3025 lustrantes
863 2961 1018 3047 singulas
1048 2963 1177 3049 species
1207 2959 1467 3047 complectimur

328 3087 412 3172 quid
432 3085 501 3151 illis
513 3086 558 3151 sit
578 3108 770 3168 commune,
789 3093 823 3151 et
836 3086 1009 3154 lucramur
1024 3087 1160 3174 generis
1176 3087 1356 3152 rationem.
1375 3085 1467 3150 Huic

329 3212 507 3299 oppositus
527 3218 578 3277 est
595 3212 678 3277 ordo
698 3211 926 3297 cognoscendi
945 3236 965 3276 a
983 3236 1106 3298 genere
1119 3213 1163 3277 ad
1181 3213 1324 3299 species,
1341 3211 1400 3297 qui
1416 3217 1467 3274 est

327 3338 409 3404 ordo
428 3336 636 3402 indicativus
660 3337 837 3401 doctrinae
857 3343 890 3401 et
910 3336 1126 3423 disciplinae3
1143 3345 1233 3402 artes
1257 3336 1364 3420 euim,
1382 3358 1466 3420 quus

326 3462 480 3550 proxime
500 3461 592 3528 dicto
616 3461 736 3528 ordine
760 3461 970 3547 invenimus,
995 3462 1059 3526 hoc
1084 3462 1203 3526 ordino
1215 3462 1384 3526 docemus
1405 3461 1467 3525 Est

260 3594 304 3658 ‘25
327 3611 407 3673 ergo
431 3587 513 3652 crdo
538 3593 597 3653 aut
621 3586 806 3652 sensitivae
823 3587 1031 3673 cognitionis
1050 3596 1110 3652 eut
1126 3586 1374 3651 intellectivae:
1395 3608 1468 3650 sen·

327 3712 462 3795 sitires,
481 3719 521 3778 ut
539 3718 706 3797 tanquam
726 3732 745 3775 a
764 3717 837 3775 toto
856 3711 899 3776 ad
918 3719 1045 3798 partes,
1066 3734 1086 3777 a
1106 3711 1248 3777 confuso
1266 3710 1309 3775 ad
1329 3710 1468 3775 distinc-

327 3844 416 3920 tum,
437 3837 480 3902 ab
499 3837 685 3902 universali
706 3837 749 3901 ad
767 3837 989 3923 particulare,
1010 3844 1049 3901 ut
1072 3836 1204 3901 dictum
1224 3842 1291 3918 est3
1317 3835 1469 3900 intellec·

326 3964 419 4028 tivae
439 3987 519 4029 vero
540 3963 699 4028 similiter
718 3963 904 4029 secundum
925 3962 1027 4028 oliam
1051 3963 1221 4028 rationem
1241 3969 1291 4027 est
1311 3962 1394 4027 ordo
1413 3962 1468 4028 vel

327 4090 370 4153 ab
394 4088 580 4155 universali
606 4088 649 4153 all
674 4089 894 4176 particulare,
920 4088 975 4152 rel
999 4112 1018 4153 a
1042 4088 1244 4175 particulari
1268 4087 1311 4153 ad
1335 4087 1468 4152 univer·

261 4221 304 4285 30
327 4217 410 4299 sale,
430 4216 490 4281 ubi
510 4238 589 4303 pars
608 4238 678 4280 non
698 4222 750 4280 est
766 4214 960 4300 integralis,
981 4215 1072 4279 sicut
1094 4213 1131 4278 iu
1152 4212 1387 4296 sensibilibus,
1408 4211 1466 4275 sed

418 4413 546 4463 dautem
564 4413 596 4462 7¹:
615 4430 639 4463 a.
661 4411 848 4474 (eicientem)
867 4412 908 4460 M:
927 4428 944 4460 u
963 4413 985 4456 (l
1049 4411 1064 4459 4
1082 4409 1116 4459 ad
1134 4427 1182 4457 om.
1205 4408 1280 4458 'llud
1344 4413 1359 4452 ¹3
1375 4410 1464 4458 artifi-

326 4493 458 4545 calaMG
521 4495 810 4545 essiontariumsm
873 4491 1002 4543 osintd
1068 4493 1098 4541 15
1116 4490 1183 4540 item
1201 4496 1230 4543 <u
1244 4489 1465 4555 cognitiones
