3420 5190
237 382 297 443 146
360 374 401 409 '·
674 392 818 441 nonnum
835 392 940 441 num
1029 348 1034 357 ⁵

235 550 368 619 rulibue
379 554 497 617 tumen
506 550 707 637 loquuntur,
724 555 802 615 tom
820 546 926 617 etiam
941 548 1024 637 qnia
1033 550 1213 619 nonnullis
1230 550 1395 635 numida-

175 686 179 693 '
236 676 431 745 rationibus
458 672 631 743 faciundis
658 696 778 743 annum
799 674 970 743 tribuunt.
994 674 1171 745 Adversus
1196 683 1317 773 antem
1334 700 1419 755 aa.

237 802 369 869 eundoe
386 822 506 868 eorum
527 798 764 867 dubitationes
792 798 956 869 solvendo
977 801 1080 869 nobie
1108 809 1163 871 est
1188 804 1391 875 neeessario

237 925 505 1015 disputandum,
535 946 614 991 oum
631 923 822 991 admittant
847 924 906 993 vel
934 932 1068 999 motum
1100 922 1159 995 v'el
1188 926 1393 997 multitudi-

193 1055 216 1121 ὅ
237 1075 318 1120 nem
340 1052 396 1119 vel
413 1057 617 1137 utrumque,
641 1071 730 1137 quae
752 1050 893 1137 quidem
910 1072 984 1119 esee
1000 1051 1041 1119 in
1058 1052 1125 1121 bno
1140 1052 1288 1123 seientia
1307 1060 1391 1125 ten-
1499 1028 1504 1037 Ι

239 1200 344 1265 quum
362 1182 576 1267 compertum
590 1174 808 1267 supponitur.
868 1224 871 1229 -

696 1510 850 1558 eunoun
877 1510 923 1557 lv.

531 1634 636 1677 Aliorum
649 1634 796 1686 opinionon·
809 1638 930 1685 uteunque
943 1634 1096 1686 pentura,

424 1707 499 1761 primo
511 1707 653 1749 convertunt
667 1706 697 1749 nd
709 1716 749 1749 σοι
762 1706 802 1759 qut
816 1717 865 1748 uon
878 1706 1017 1747 ommutui·
1030 1708 1086 1749 nunt
1097 1706 1196 1759 teuent.

155 1944 219 2010 ·10
330 1923 386 1999 Ad
402 1930 644 1999 Parmeniden
661 1950 744 2016 ergo
762 1936 798 1997 et
816 1928 1007 2013 Melieeum,
1026 1929 1087 2017 qui
1113 1952 1177 1997 ens
1202 1950 1312 1997 unum
1333 1930 1389 2015 ἱιι-Ι

240 2058 368 2126 mobile
397 2056 519 2125 dieunt
547 2054 777 2145 principium,
805 2052 980 2141 dirigitur·
999 2052 1182 2139 instantia,
1205 2054 1320 2143 primo
1342 2076 1388 2123 ex

186 2186 188 2191 ’
239 2190 339 2274 porte
367 2181 473 2268 entis,
493 2180 642 2247 seeundo
670 2202 713 2247 ex
741 2178 987 2271 parteluni'us,
1006 2179 1110 2246 tertio
1140 2201 1183 2246 ex
1199 2168 1300 2269 pai-te
1322 2178 1388 2249 im·
1461 2222 1465 2227 -
1502 2240 1505 2245 .

241 2306 394 2394 mobilis,
418 2312 541 2393 quarto
560 2328 603 2373 ex
623 2311 724 2394 parte
745 2302 929 2393 principii,
948 2303 1072 2389 quinto
1095 2325 1138 2371 ex
1158 2308 1259 2393 purte
1280 2302 1387 2373 huius

243 2431 416 2522 complexi
433 2432 515 2499 Ena
538 2437 600 2499 ost
621 2452 757 2516 uuum,
781 2434 878 2495 sexto
897 2450 939 2494 ex
957 2434 1057 2517 parte
1074 2416 1387 2516 argumentationis

179 2563 222 2631 15
243 2558 347 2627 modi
367 2556 468 2637 Quod
496 2578 578 2643 ergo
607 2555 652 2623 ad
669 2555 822 2643 primum
839 2555 981 2640 attinet,
999 2550 1132 2643 petitur
1155 2556 1200 2623 ab
1226 2555 1277 2623 eis
1306 2576 1389 2643 quo·

198 2762 215 2769 ¹„
243 2682 346 2753 modo
376 2682 554 2773 accipiunt
582 2704 661 2748 ens.
690 2679 858 2769 Nunquid
880 2702 945 2770 pro
978 2680 1207 2767 significando
1229 2682 1389 2749 substan·
1488 2684 1493 2695 '

243 2809 297 2877 tia
314 2815 467 2895 tentum,
483 2831 530 2875 en
543 2830 608 2897 pro
623 2807 741 2894 aliquo
756 2805 988 2875 accidentium
1002 2828 1140 2895 genere,
1159 2830 1206 2875 an
1219 2828 1284 2896 pro
1299 2828 1390 2875 oom-

242 2937 344 3023 plexo
364 2957 406 3001 ex
425 2932 622 3000 substantia
645 2939 680 2997 et
704 2931 907 2998 accidente?
928 2931 965 2998 Si
981 2955 1044 3019 pro
1068 2932 1279 3018 substa-ntia,
1304 2955 1389 2999 num

243 3082 306 3147 pro
326 3060 510 3146 completa,
530 3066 570 3123 ut
588 3056 727 3123 homine
745 3066 805 3123 eut
829 3078 931 3142 equo,
951 3079 996 3121 an
1020 3079 1082 3142 pro
1102 3054 1323 3144 incompleta,
1349 3065 1388 3124 ut

177 3190 222 3255 20
244 3184 388 3250 anima?
408 3184 488 3250 Non
512 3184 604 3249 onim
628 3206 700 3248 esse
723 3189 838 3269 potest
856 3205 964 3247 unum
983 3205 1056 3265 ene,
1081 3181 1111 3247 si
1135 3205 1196 3248 ens
1216 3182 1389 3269 significet

245 3309 494 3393 substantiam
514 3309 597 3374 haee
613 3309 795 3374 enimcum
808 3308 985 3374 accidente
997 3308 1082 3391 (sive
1095 3309 1296 3394 coniuncta,
1316 3309 1389 3375 sive

245 3442 404 3521 separata
435 3433 666 3519 intelligatur)
684 3433 920 3521 pluralitatem
950 3433 1140 3499 constituat
1171 3442 1323 3522 oportet,
1353 3442 1388 3501 et

244 3560 318 3626 sine
342 3561 417 3647 ipso
441 3559 617 3627 accidente
636 3582 743 3626 unum
761 3560 900 3625 finitum
923 3560 977 3625 rel
1004 3560 1182 3626 infinitum
1200 3583 1272 3627 non
1301 3561 1390 3627 dioe-

245 3696 319 3768 tur3
341 3708 452 3771 neque
471 3686 501 3752 ai
519 3708 579 3751 ens
604 3685 776 3771 significet
794 3684 966 3767 accidens,
985 3708 1063 3751 oum
1083 3687 1196 3773 ipsum
1216 3687 1290 3752 sine
1310 3688 1389 3754 sub-

179 3811 222 3878 25
246 3811 375 3876 stantia
398 3817 547 3895 nequeat
570 3810 768 3891 sulrsistoro3
789 3832 899 3895 neque
918 3810 947 3874 si
966 3813 1182 3899 complexum
1201 3813 1387 3899 significet,

247 3959 380 4024 semper
399 3936 491 4001 eninr
510 3935 610 4023 plura
630 3950 711 4001 sunt
731 3959 818 4021 qnae
838 3936 1108 4022 complexionem
1127 3938 1269 4004 faciunt.
1290 3939 1390 4017 Quod

247 4063 290 4128 ad
309 4061 510 4145 seeundum,
531 4061 662 4147 petitur
680 4061 724 4126 ab
744 4065 749 4145 Ι
770 4062 898 4127 eisdem
921 4064 1091 4146 quomodo
1121 4064 1241 4129 dicunt
1259 4087 1390 4130 unum.
1416 4080 1470 4142 4*

247 4187 511 4254 Continuitate?
528 4185 836 4251 hulivisibilitate?
853 4186 1027 4252 Ratione?
1045 4189 1151 4253 Verbi
1164 4190 1391 4276 praedicativi

254 4365 288 4372 .-
313 4365 406 4371 -----
435 4365 458 4369 —
483 4364 501 4369 ——
531 4364 558 4369 -—
582 4365 593 4368 --
625 4364 645 4369 --
664 4364 681 4369 --
711 4362 827 4369 -··-·——
852 4364 894 4369 —-
916 4365 921 4368 -
942 4364 951 4368 -
975 4365 980 4369 ι
1024 4365 1057 4371 .-
1076 4366 1197 4372 -.ν-η-.
1216 4366 1384 4374 -.---..-....,

338 4456 417 4508 10.11
436 4454 465 4505 in
479 4453 583 4505 mobile
650 4455 680 4505 16
695 4454 784 4505 ENS?
801 4454 932 4523 nunquid
