3420 5190
329 371 366 434 72
764 397 903 443 renuam
923 398 1026 444 anm

327 571 369 614 cx
384 549 506 617 habitu
520 552 710 639 primorum
728 554 976 642 principiorum
1000 562 1081 621 sunt
1102 556 1106 646 1
1127 557 1321 623 manifesta.
1346 558 1470 643 Itaque
1494 563 1565 628 67
1577 567 1635 629 Μ

326 675 423 761 fides,
444 676 517 742 sive
535 677 728 764 theologica
748 681 820 746 sive
838 679 1089 768 philosophica,
1110 690 1162 747 est
1181 683 1271 748 circa
1294 683 1468 770 principia

325 800 581 870 indubitabilis.
601 805 647 869 Et
665 805 749 871 haec
767 805 997 893 distinguitur
1020 807 1058 872 in
1081 786 1288 895 implicitam
1308 814 1342 873 et
1362 807 1469 895 expli·

326 926 445 993 citam:
465 927 635 1016 implicita
659 930 742 997 fides
759 938 812 996 est
828 932 1150 1019 consequentiarum
1173 939 1208 998 et
1231 933 1469 1020 consequutio·

282 1066 303 1132 5
326 1084 410 1127 num
428 1085 559 1148 earum,
580 1086 667 1149 quac
686 1088 728 1131 ex
745 1064 868 1132 habitu
887 1067 1078 1154 primorum
1097 1067 1348 1154 principiorum
1368 1066 1469 1133 dedu·

326 1193 452 1252 cuntur
475 1189 525 1272 (in
553 1211 592 1255 eo
620 1190 725 1274 enim,
753 1192 846 1277 quod
873 1190 1025 1258 creditur
1052 1193 1227 1259 hominem
1255 1192 1366 1259 maius
1396 1215 1468 1259 esso

326 1311 455 1396 anima,
476 1320 529 1378 est
557 1314 727 1402 implicita
757 1315 855 1402 fides,
886 1317 922 1383 id
941 1324 993 1383 est
1022 1317 1162 1383 habitus
1190 1317 1284 1384 illius
1304 1318 1470 1405 principii
1493 1318 1665 1384 4726

325 1436 430 1523 primi
444 1436 570 1504 ‘totum
589 1448 641 1506 ost
660 1440 770 1507 maius
786 1465 847 1508 sua
864 1442 1001 1530 parte');
1021 1442 1157 1509 aliaest
1181 1442 1357 1530 explicita,
1377 1443 1467 1509 sicut

326 1563 498 1649 expressio
519 1564 619 1631 istius
635 1567 881 1654 propositionis
901 1567 1087 1633 secundum
1099 1591 1143 1634 se.
1161 1567 1356 1634 Secundum
1376 1568 1470 1634 scho-

261 1693 304 1757 10
326 1686 465 1755 lasticos
484 1689 661 1778 theologos
680 1692 763 1758 fides
783 1693 954 1780 implicita
973 1700 1025 1759 est
1039 1693 1077 1758 in
1094 1692 1289 1760 infantibus
1303 1700 1338 1758 et
1353 1694 1467 1780 plebe,

326 1813 388 1899 qui
416 1813 454 1879 in
483 1815 614 1881 virtuto
642 1825 826 1904 parentum
846 1824 881 1883 et
899 1819 1081 1903 maiorum,
1114 1819 1240 1905 quibus
1268 1819 1416 1885 subsunt
1434 1827 1468 1885 ct

327 1938 454 2025 quibus
478 1941 719 2029 obtemperant
738 1949 773 2008 et
791 1965 937 2029 quorum
958 1967 1139 2010 munerum
1162 1950 1244 2009 sunt
1266 1943 1468 2032 participes,

327 2066 464 2131 credero
483 2067 729 2154 intelliguntur
752 2092 791 2134 ea
814 2093 961 2155 quorum
980 2071 1151 2137 rationem
1170 2094 1241 2137 non
1261 2071 1391 2137 habent
1411 2095 1469 2138 ne·

327 2213 393 2277 que
413 2191 636 2277 evidentiam
656 2194 819 2281 explicita
842 2203 907 2280 est,
933 2219 1020 2282 quae
1043 2196 1081 2261 in
1104 2196 1320 2283 sapientibus
1339 2203 1373 2262 et
1392 2197 1469 2263 doc-

261 2315 304 2379 15
328 2315 471 2384 toribus.
491 2318 731 2404 Distinguitur
749 2321 854 2386 etiam
874 2321 911 2386 in
930 2321 1046 2387 vivam
1063 2330 1098 2387 ct
1116 2329 1288 2389 mortuam
1307 2328 1370 2388 oto.

746 2576 822 2644 LII.
847 2578 1048 2646 Evmrurn.

415 2817 566 2884 Evidens
590 2817 722 2903 aliquid
741 2816 868 2885 dicitur
886 2817 942 2884 vel
961 2841 1003 2884 ex
1022 2819 1088 2884 fido
1106 2825 1258 2904 tantum,
1279 2826 1313 2884 ct
1329 2818 1394 2885 hac
1413 2822 1468 2888 vel

326 2942 520 3030 theologica
536 2944 590 3010 vel
606 2944 844 3031 philosophica
863 2949 910 3028 (et
933 2944 1026 3010 istud
1049 2944 1177 3010 dicitur
1200 2944 1238 3009 in
1261 2945 1373 3031 primo
1394 2969 1470 3031 gra-

326 3067 385 3151 du,
402 3075 437 3133 ct
452 3069 517 3135 hoc
533 3076 584 3135 est
600 3093 641 3135 ex
665 3069 798 3135 duobus
817 3070 985 3152 sensibus,
1005 3069 1064 3155 qui
1081 3078 1162 3134 sunt
1182 3069 1354 3156 principia
1368 3070 1469 3135 disci·

258 3194 302 3257 ‘20
323 3194 452 3282 plinae,
483 3218 525 3260 ex
552 3196 630 3261 visu
657 3195 819 3262 videlicet
843 3205 877 3261 et
905 3196 1041 3278 auditu3
1067 3196 1127 3261 ubi
1151 3195 1245 3261 visus
1270 3196 1373 3261 debet
1397 3221 1470 3263 csso

325 3319 366 3384 dc
385 3319 595 3404 visibilibus
612 3321 750 3386 ainlitus
770 3321 811 3386 de
835 3321 1095 3404 invisibilibus);
1120 3321 1260 3386 aliaest
1283 3322 1469 3389 conclusio·

324 3469 408 3511 num
443 3469 503 3511 scu
533 3447 712 3530 scientiae,
754 3448 892 3513 ethaeo
922 3455 973 3512 est
1005 3469 1123 3512 eorum
1159 3469 1247 3532 quae
1275 3449 1466 3513 necessario

325 3579 581 3658 consequuntur
599 3596 641 3637 ex
669 3572 722 3637 his
753 3596 839 3657 quac
862 3573 1034 3638 habentur
1052 3596 1113 3659 per
1140 3571 1221 3637 fidei
1245 3572 1464 3638 evidentiam.

324 3697 551 3763 Credibilium
571 3721 630 3763 seu
649 3698 900 3785 principiorum
919 3698 1047 3763 dicitur
1066 3721 1137 3763 esso
1157 3697 1367 3782 intellectus,
1388 3721 1466 3764 con·

258 3817 301 3880 ‘25
326 3823 517 3888 elusionum
533 3847 613 3890 vcro
631 3847 702 3888 esso
719 3825 875 3906 scientia3
893 3824 983 3889 undo
1005 3824 1008 3911 1
1030 3823 1173 3888 scientia
1192 3823 1356 3889 dcfinitur
1371 3824 1466 3890 hobi·
1491 3835 1560 3899 68
1573 3838 1630 3900 Μ

325 3958 380 4014 tus
400 3950 628 4016 conclusionis
645 3974 707 4037 por
723 3950 1050 4016 demonstrationem
1067 3949 1266 4036 acquisitus.
1284 3951 1378 4016 Haeo
1398 3952 1466 4016 evi-

325 4076 442 4140 dentia
471 4082 523 4140 cst
550 4075 745 4162 dependens
774 4076 817 4141 ab
841 4076 913 4157 illa3
943 4075 1032 4141 undo
1060 4075 1121 4140 illa
1145 4084 1364 4161 comparatur
1387 4077 1464 4160 soli,

325 4202 409 4266 hacc
426 4225 507 4267 vero
525 4202 631 4266 radio.

418 4391 433 4438 2
448 4390 647 4454 philosophica
668 4395 726 4450 cst,
751 4389 827 4437 circa
851 4388 874 4436 Τ
934 4390 948 4436 ⁴i
967 4398 996 4436 ct
1025 4388 1058 4436 T:
1082 4404 1132 4437 sou
1156 4387 1211 4437 MG
1276 4388 1305 4437 17
1319 4387 1371 4437 hac
1392 4386 1464 4436 MG:

326 4472 379 4521 hoc
397 4471 420 4520 T
479 4472 511 4520 28
527 4469 674 4535 proficisse
692 4471 723 4531 T,
738 4470 800 4518 ‹locc
815 4469 827 4518 ὲ
841 4470 997 4520 rctloscritto
1010 4470 1110 4520 FINIS
