3420 5190
554 437 734 482 rruvaarro
756 439 888 484 aarum
909 440 1059 485 nvmrvs.
1317 425 1375 484 221

235 592 329 659 illius
348 592 601 679 magnitudinis
616 593 729 658 virtus
750 593 860 681 accipi
879 594 1011 681 possit?
1029 593 1187 660 Secunda
1208 595 1290 680 quia
1308 617 1379 661 cor·

234 717 329 805 poris
349 717 478 783 infiniti
494 717 651 804 potentia
667 718 803 802 aequali
818 718 1001 784 velocitate
1020 741 1097 784 curn
1116 719 1268 806 corporis
1287 718 1379 783 finiti

235 842 393 928 potentia
412 849 581 924 moveret;
601 842 631 907 si
655 842 782 907 etenim
802 843 946 908 caeteris
964 842 1106 930 paribus
1125 844 1236 909 maius
1256 864 1379 929 corpus

236 966 360 1032 maiori
378 966 575 1053 praeditum
591 973 643 1031 est
662 967 810 1051 virtute,
831 967 942 1031 virtus
962 966 1102 1032 tandem
1121 967 1220 1033 finita
1240 967 1284 1032 ad
1303 990 1381 1054 sup·

192 1099 213 1160 f>
235 1089 425 1178 petentium
445 1089 675 1176 multiplicata
695 1089 785 1154 idem
805 1089 931 1154 mobile
948 1090 1084 1175 aequali
1103 1098 1257 1176 tempore
1276 1099 1380 1177 atque

237 1215 350 1279 virtus
369 1214 507 1280 infinita
526 1214 689 1281 movebit.

714 1500 823 1544 aurio.
851 1502 896 1544 lx.

562 1623 632 1663 Primi
648 1623 740 1663 motoria
755 1624 826 1664 iuiert
838 1624 1052 1673 impartibilitatem.

326 1815 581 1903 Impertibilem
614 1815 738 1902 igitur,
772 1816 902 1902 inquit,
931 1823 1067 1904 oportet
1096 1840 1168 1882 esse
1199 1825 1380 1901 mutarem,

174 1951 215 2013 10
238 1946 360 2027 utpote
375 1941 508 2006 nullam
523 1963 664 2027 prorsus
680 1940 956 2026 magnitudinem
976 1940 1169 2006 habentem.
1182 1942 1278 2006 Haec
1289 1942 1381 2008 enim

237 2086 308 2128 non
326 2071 441 2151 potest
459 2088 532 2130 esse
551 2064 702 2147 infinita;
719 2064 824 2129 talem
843 2064 935 2130 enim
955 2065 1202 2151 impossibilem
1221 2065 1383 2152 plurimis

239 2189 585 2255 commonstravimus
608 2189 832 2274 argumentis.
853 2188 973 2275 Neque
996 2189 1099 2255 debet
1124 2213 1195 2255 esse
1218 2188 1333 2271 finita3
1353 2188 1382 2253 si

240 2312 333 2377 enim
351 2335 414 2398 per
437 2323 573 2400 tempus
604 2321 740 2379 moveat
770 2312 961 2396 infinitum,
986 2313 1145 2379 infinitae
1176 2336 1258 2378 sane
1282 2312 1385 2378 debet

240 2459 314 2502 esse
332 2437 488 2522 virtutis,
513 2459 616 2524 quam
639 2436 863 2503 manifestum
883 2444 935 2502 est
959 2438 995 2502 in
1019 2437 1260 2524 magnitudine
1284 2437 1384 2503 finita

175 2571 216 2634 15
240 2563 355 2628 locum
383 2584 453 2627 non
477 2562 613 2628 habere.
634 2562 733 2640 Quod
760 2562 790 2628 si
820 2584 931 2647 neque
948 2561 1085 2628 finitam
1114 2562 1240 2628 habere
1267 2568 1383 2648 potest

239 2710 350 2773 neque
369 2686 558 2771 infinitam,
577 2687 708 2751 nullam
726 2708 866 2773 prorsus
884 2687 1026 2752 habebit
1050 2687 1337 2773 magnitudinem.

732 2975 839 3020 nnnc.
864 2975 896 3019 X.

599 3096 668 3136 Primi
685 3099 795 3137 moventia
809 3098 887 3138 sedem
901 3099 1026 3140 constituit.

330 3303 441 3373 l'stum
460 3325 539 3368 eum
557 3302 612 3368 vel
631 3302 669 3367 in
687 3301 881 3389 peripheria
900 3300 955 3366 vel
986 3300 1022 3367 in
1051 3301 1164 3368 medio
1188 3303 1383 3389 intelligere

175 3436 220 3500 20
243 3428 441 3510 debeamus,
462 3426 724 3492 convenientius
748 3449 820 3491 esse
846 3425 984 3491 videtur
1003 3433 1042 3492 ut
1069 3427 1180 3513 ipsam
1210 3427 1385 3492 inhabitet

243 3552 569 3633 circumfluentiam
589 3551 639 3616 ibi
658 3573 807 3636 namque
830 3550 1064 3616 velocissimus
1080 3559 1194 3616 mutus
1220 3551 1384 3616 maiorem

243 3678 386 3744 motoris
416 3676 587 3743 influxum
616 3682 845 3763 protestatur;
875 3676 925 3740 ibi
952 3698 1034 3761 ergo
1058 3676 1302 3763 propinquior,
1334 3676 1385 3739 ibi

241 3825 418 3890 praesens,
439 3801 488 3867 ibi
513 3801 675 3889 primum.

337 4067 465 4117 ronuta
529 4069 559 4116 iti
576 4069 751 4118 metudinam
816 4070 847 4118 19
863 4068 998 4134 potiferia
