3420 5190
425 429 537 475 evron
558 429 777 478 rnanmcnvu
797 430 1110 477 imrarursrconvn.
1297 418 1337 476 45

561 783 678 851 XXV.
706 783 973 852 Cominiume.

283 1079 517 1146 Contrarietas
536 1078 721 1166 dupliciter
737 1080 894 1145 sumitur.
908 1080 1195 1147 Communissime
1210 1081 1338 1169 prim0,

192 1228 316 1293 nempe
335 1228 397 1294 pro
422 1205 517 1271 omni
540 1204 770 1292 oppositione,
790 1212 948 1290 quaeest
972 1206 1009 1271 in
1030 1206 1185 1291 quolibet
1202 1230 1337 1294 genere.

192 1327 243 1395 ln*
253 1331 349 1396 omni
367 1330 496 1418 quippe
514 1353 640 1417 genere
652 1337 704 1416 (ut
719 1337 819 1397 notat
838 1330 1054 1415 Aristoteles)
1068 1338 1120 1398 est
1138 1354 1208 1399 una
1226 1333 1339 1421 prima

148 1456 169 1521 5
192 1456 431 1540 contrarietas
451 1455 542 1522 sicut
560 1478 631 1522 non
654 1463 706 1522 est
724 1479 834 1543 genus
859 1456 951 1542 quod
969 1479 1031 1544 per
1055 1458 1245 1524 contrarias
1275 1458 1340 1525 dif-

193 1580 358 1648 ferentias
382 1604 453 1648 non
476 1582 604 1669 migret
632 1582 670 1648 in
694 1581 838 1671 species;
862 1604 930 1668 quo
955 1590 1057 1671 pacto
1081 1604 1282 1671 corporeum
1305 1591 1340 1651 et

195 1708 448 1796 incorporeum,
468 1707 632 1773 sensibile
660 1714 696 1772 et
720 1707 921 1774 insensibile
949 1715 983 1773 et
1012 1707 1080 1774 alia
1099 1710 1209 1775 multa
1228 1709 1265 1774 in
1283 1732 1340 1796 ge-

194 1855 276 1899 nere
295 1833 509 1900 substantiae
526 1840 608 1898 sunt
624 1833 810 1918 contraria,
826 1834 1030 1901 continuum
1046 1840 1080 1900 et
1095 1833 1281 1901 discretum
1301 1836 1339 1901 in
1378 1868 1381 1872 ⁴

194 1981 319 2045 genere
339 1960 546 2046 quantitatis
565 1966 628 2025 etc.

129 2088 172 2152 10
283 2084 441 2151 Secundo
460 2084 689 2161 communiter
708 2086 882 2151 contraria
898 2085 1073 2169 dicuntur,
1091 2107 1179 2170 quae
1198 2108 1233 2151 se
1253 2086 1339 2154 invi·

195 2233 267 2276 cem
286 2209 415 2276 tollunt
437 2210 482 2276 ab
506 2209 624 2276 eodem
643 2209 812 2296 subiecto,
833 2211 905 2276 sive
928 2209 1144 2297 intelligibili
1168 2210 1241 2278 sive
1260 2236 1337 2278 sen·

194 2336 302 2420 sibili,
322 2337 412 2402 sicut
435 2335 608 2401 contraria
632 2343 713 2401 sunt
738 2335 912 2402 divisibile
935 2341 971 2402 ct
996 2335 1225 2421 indivisibile,
1250 2359 1338 2423 qnae

194 2467 276 2527 sunt
288 2460 378 2526 circa
391 2467 617 2526 numerumet
634 2460 925 2547 magnitudinem,
945 2468 1132 2548 quaesunt
1151 2461 1242 2528 circa
1261 2463 1339 2529 sub-

195 2587 322 2652 iectum
346 2585 438 2650 idem
460 2608 570 2672 genus
598 2594 633 2651 et
656 2585 800 2652 eandem
827 2585 1008 2651 materiam
1038 2608 1270 2673 communem,
1295 2588 1337 2653 si-

128 2711 169 2775 15
192 2719 251 2778 cut
269 2735 332 2801 par
347 2718 381 2776 et
394 2711 507 2798 impar
532 2712 623 2778 circa
641 2734 836 2796 numerum,
857 2734 928 2777 non
947 2718 1063 2777 autem
1082 2711 1173 2777 eirca
1192 2712 1336 2779 eandem

192 2836 372 2903 materiam
395 2837 584 2925 propriam,
605 2860 728 2924 nempe
751 2837 894 2903 eandem
918 2836 1078 2925 speeiem,
1099 2837 1181 2923 quia
1200 2839 1335 2903 numeri

191 2961 334 3050 species,
355 2984 441 3049 quae
461 2969 512 3028 est
531 2962 723 3029 subiectum
742 2962 917 3049 paritatis,
932 2968 972 3028 ut
990 2968 1110 3047 tetrae,
1129 2963 1241 3047 decas,
1261 2986 1332 3029 non

191 3095 306 3177 potest
325 3112 398 3155 esse
416 3088 535 3154 eadem
554 3087 746 3154 subiectum
766 3088 986 3175 imparitatis.

280 3213 398 3280 Tertio
429 3213 568 3301 proprie
599 3214 773 3281 contraria
802 3214 979 3299 dicuntur,
1011 3237 1099 3301 quae
1129 3222 1211 3280 sunt
1240 3215 1332 3282 circa

123 3339 168 3402 ⁶20
190 3339 281 3405 idem
298 3340 490 3406 subiectum
501 3340 690 3426 proprium,
704 3340 794 3405 unde
808 3363 843 3407 se
854 3347 973 3406 mutuo
986 3342 1177 3428 expellunt,
1198 3341 1203 3431 Ι
1225 3343 1283 3408 ubi
1297 3367 1333 3409 se
1356 3351 1429 3415 37
1440 3352 1496 3415 M

190 3465 293 3531 simul
312 3488 383 3530 non
402 3465 672 3552 compatiuntur,
692 3473 732 3530 ut
750 3466 868 3531 album
887 3473 922 3531 et
940 3466 1080 3552 nigrum
1096 3467 1134 3532 in
1152 3469 1334 3555 superficie

190 3590 320 3675 eadem,
341 3590 440 3655 triste
459 3598 494 3655 et
513 3590 622 3655 hilare
638 3590 676 3655 in
695 3590 811 3656 eodem
833 3591 935 3657 simul
955 3591 1081 3679 spiritu
1104 3615 1165 3658 seu
1183 3593 1311 3660 animo

278 3715 395 3780 Primo
415 3715 516 3780 modo
535 3714 761 3781 contrarietas
785 3723 837 3780 est
860 3716 897 3780 in
916 3716 1010 3782 omni
1034 3740 1174 3803 genere,
1200 3724 1239 3783 ut
1263 3718 1333 3784 dic·

189 3846 264 3906 tum
284 3846 348 3923 est;
368 3839 516 3905 secundo
537 3840 574 3904 in
594 3839 812 3926 quibusdam3
832 3840 936 3907 tertio
959 3841 996 3906 in
1021 3864 1090 3908 unc
1106 3843 1272 3930 praecise,
1293 3850 1333 3909 ut

122 3967 165 4031 25
190 3965 226 4030 in
245 3988 370 4052 genere
387 3965 576 4051 qualitatis.
597 3965 718 4031 Omnis
737 3966 830 4031 enim
849 3967 1075 4034 contrarietas
1094 3967 1331 4056 propriissime

188 4090 282 4157 dicta
300 4090 487 4157 secundum
508 4091 713 4176 qualitatem
732 4097 793 4157 est.

277 4216 538 4283 Contrariorum
556 4216 625 4282 alia
644 4223 725 4282 sunt
743 4217 782 4282 in
805 4215 923 4283 eodem
942 4239 1080 4304 genere,
1100 4218 1190 4285 sicut
1213 4220 1331 4287 album

187 4349 223 4407 et
240 4340 380 4428 nigrum
397 4341 434 4406 in
449 4364 574 4426 genere
593 4342 772 4426 qualitatis
778 4365 785 4424 ;
803 4341 870 4407 alia
886 4342 923 4407 in
938 4341 1083 4408 diversis
1104 4343 1108 4431 1
1129 4345 1330 4431 generibus,
1357 4352 1466 4417 450
1480 4352 1522 4420 G

188 4466 242 4534 vel
262 4465 366 4531 etiam
385 4465 521 4533 diversa
540 4489 676 4552 genera.
693 4467 735 4531 In
752 4465 897 4533 diversis
916 4466 1055 4552 quidem
1073 4469 1272 4556 generibus,
1290 4476 1330 4536 ut
