3420 5190
552 430 733 478 rrovaarro
755 432 886 477 rnrsrcr
907 431 1057 478 avorrvs.
1316 418 1375 478 205

233 588 451 676 passionibus
467 593 519 654 est
538 588 746 670 consistens;
763 587 997 654 diciturenim
1016 589 1127 674 magis
1143 597 1178 654 et
1193 587 1308 653 minus
1328 588 1376 652 al-

234 714 316 780 bum
327 765 334 798 ,
347 715 458 781 maius
477 714 659 800 minusque
673 720 777 802 caput
788 765 795 796 ,
808 714 866 779 sed
886 713 1136 780 excellentioris
1155 713 1372 780 substantiae

235 862 306 906 non
324 847 377 906 est
395 863 530 907 nomen.

733 1197 807 1241 ΛΒΤ.
835 1197 880 1240 1v.

547 1321 581 1360 De
595 1323 695 1360 motuum
710 1321 880 1371 compar-allone
895 1319 925 1359 ad
939 1323 1065 1360 moventes.

323 1581 554 1647 Praemittens
574 1579 665 1666 quod
683 1602 782 1645 omne
800 1602 941 1645 movens
960 1579 1147 1646 secundum
1171 1580 1283 1646 locum
1307 1604 1379 1648 mo-

235 1713 293 1772 vet
312 1705 451 1792 aliquod
470 1705 596 1771 mobile
615 1705 652 1770 in
665 1705 780 1791 aliquo
799 1712 954 1793 tempore
972 1728 1034 1792 per
1054 1706 1193 1792 aliquod
1212 1707 1377 1793 spacium,

234 1839 366 1920 septem
376 1854 524 1898 canones
535 1831 684 1897 adducit.
697 1831 834 1896 Primus
847 1830 938 1917 quod
949 1853 1090 1897 movens
1101 1831 1241 1917 aliquod
1251 1832 1378 1898 mobile

234 1980 295 2045 per
314 1957 456 2043 aliquod
474 1956 629 2044 spacium
648 1956 802 2021 movebit
816 1956 912 2021 illius
925 1956 1062 2021 mobilis
1086 1956 1305 2022 medietatem
1317 1981 1378 2045 per

169 2086 211 2149 10
233 2083 360 2170 duplex
372 2083 527 2170 spacium
546 2081 582 2147 in
599 2090 752 2168 tempore
766 2081 910 2167 aequali.
932 2080 1108 2147 Secundus
1126 2082 1217 2167 quod
1236 2105 1377 2183 merens

234 2209 361 2275 mobile
383 2208 422 2273 in
452 2208 567 2294 aliquo
593 2215 748 2295 tempore
771 2208 808 2271 in
827 2206 997 2295 subduplo
1016 2213 1170 2294 tempore
1198 2231 1260 2294 per
1283 2209 1374 2275 idem

234 2335 389 2424 spacium
408 2335 501 2400 illius
517 2334 654 2401 mobilis
670 2334 823 2401 movebit
842 2333 1070 2399 medietatem.
1089 2334 1239 2418 Tertius,
1260 2336 1290 2401 si
1309 2337 1377 2402 vir-

234 2468 290 2527 tus
313 2467 429 2527 movet
452 2459 592 2548 aliquod
616 2460 742 2525 mobile
765 2483 826 2547 per
850 2459 990 2545 aliquod
1019 2460 1174 2547 spacium
1198 2461 1236 2525 in
1260 2461 1376 2547 aliquo

234 2592 397 2673 tempore,
411 2585 529 2651 eadem
541 2585 653 2650 virtus
672 2584 825 2650 movebit
838 2585 929 2650 idem
945 2582 1072 2650 mobile
1083 2608 1145 2672 per
1157 2586 1376 2652 medietatem

169 2712 211 2777 15
234 2711 386 2779 eiusdem
409 2711 517 2798 spacii
540 2710 578 2775 in
601 2710 695 2776 illius
712 2710 878 2796 temporis
901 2709 1093 2775 medietate.
1114 2708 1266 2786 Quartus
1286 2711 1376 2796 quod

233 2836 399 2903 medietas
428 2836 569 2902 virtutis
598 2835 737 2902 mobilis
766 2835 986 2901 medietatem
1015 2859 1077 2923 per
1106 2836 1197 2902 idem
1222 2837 1376 2924 spacium

234 2962 369 3048 aequali
400 2970 553 3049 tempore
576 2961 738 3028 movebit.
765 2960 916 3038 Quintus
945 2961 1036 3047 quod
1064 2984 1134 3028 non
1163 2986 1299 3029 necesse
1323 2972 1375 3029 est

233 3088 388 3154 eamdem
401 3088 567 3154 virtutem
583 3110 720 3152 movere
732 3086 876 3173 duplum
892 3086 1018 3152 mobile
1037 3110 1098 3172 per
1114 3086 1204 3152 idem
1221 3088 1375 3175 spacium

233 3213 271 3279 in
290 3213 395 3300 duplo
414 3221 580 3300 tempore,
601 3212 656 3278 vel
675 3212 866 3298 inaequali
885 3219 1037 3299 tempore
1054 3213 1162 3299 spacii
1183 3214 1187 3301 Ι
1208 3213 1371 3280 medieta-
1397 3221 1499 3304 (gv)

167 3337 212 3401 20
233 3346 313 3405 tem.
338 3338 462 3404 Sextus
491 3338 583 3424 quod
606 3360 717 3422 neque
745 3361 881 3403 necesse
907 3344 959 3402 est
986 3337 1127 3404 virtutis
1155 3339 1375 3406 medietatem

234 3486 371 3530 movere
387 3463 477 3529 idem
494 3463 620 3529 mobile
634 3463 670 3527 in
683 3462 787 3550 duplo
806 3470 960 3550 tempore
975 3486 1037 3550 per
1049 3464 1190 3550 aequale
1210 3465 1375 3552 spacium,

234 3597 273 3656 ut
286 3590 315 3655 si
335 3612 457 3655 novem
475 3588 512 3653 in
530 3588 646 3673 aliquo
665 3595 819 3675 tempere
838 3589 955 3654 navim
974 3589 1124 3671 trahant,
1143 3591 1293 3676 quinque
1312 3615 1373 3678 per

234 3715 325 3781 idem
348 3715 503 3803 spacium
522 3714 559 3779 in
578 3714 684 3802 duplo
702 3720 856 3802 tempore
875 3714 1010 3780 trahere
1028 3717 1177 3781 valeant.
1197 3717 1291 3781 Hinc
1315 3719 1377 3782 Ze·

234 3841 336 3906 nonis
354 3862 448 3906 error
466 3848 518 3905 est
536 3839 749 3923 manifestae,
766 3839 826 3925 qui
843 3839 918 3906 ideo
934 3840 1114 3907 minimam
1131 3840 1219 3906 milii
1236 3852 1372 3928 partem
1458 3932 1462 3940 Ι

167 3976 211 4039 ‘25
234 3967 414 4034 cadentem
447 3988 569 4032 sonum
597 3965 709 4031 facere
742 3966 972 4050 existimavit,
1002 3967 1083 4053 quia
1115 3991 1263 4052 granum
1292 3968 1377 4034 facit

234 4115 357 4159 sonum
375 4099 410 4159 et
430 4092 594 4158 medietas
613 4091 796 4173 minorem,
816 4097 851 4156 et
879 4093 929 4158 ita
952 4093 1113 4180 deinceps
1132 4117 1194 4181 per
1216 4094 1378 4160 medieta-

235 4230 309 4287 tum
333 4218 534 4284 medietates
564 4217 607 4283 ad
635 4224 769 4305 partem
799 4217 995 4300 minimam3
1026 4218 1101 4284 ideo
1130 4219 1259 4306 quippe
1287 4219 1376 4286 ratio

234 4367 305 4412 non
320 4345 435 4410 valere
450 4343 671 4432 perspicitur,
689 4343 771 4429 quia
787 4366 857 4409 non
870 4344 1043 4429 quaelibet
1064 4345 1152 4410 milii
1165 4368 1244 4432 pars
1264 4354 1377 4411 aerem

234 4469 388 4537 dividere
411 4470 513 4536 valet.
538 4468 713 4557 Septimus
745 4469 836 4556 quod
860 4469 889 4535 si
913 4470 1000 4536 duae
1025 4471 1172 4539 virtutes
1198 4484 1375 4538 moventes
