3420 5190
728 413 950 460 MORDENTIVS.
1339 402 1399 480 233

348 572 439 637 Mon.
474 569 632 636 Perfecta
662 569 872 635 fractionum
901 569 1029 635 notitia
1062 576 1114 636 est
1145 592 1230 655 quae
1260 569 1398 657 fugiens

260 702 401 763 cunctos
413 695 511 779 vicit,
527 694 722 782 occupavit,
740 695 857 777 obruit
873 694 1065 781 errolrique
1081 694 1229 761 vinculis
1246 697 1401 762 tenebra·
1424 698 1479 762 ἓν

259 845 335 887 rum
355 821 528 888 involutos
545 820 698 905 addixit,
718 845 762 886 ne
779 843 944 906 umquam
963 821 1046 885 totis
1064 820 1180 885 nervis
1200 819 1401 907 ingeniique

260 947 441 1013 conamine
457 946 590 1012 efficere
608 952 763 1034 possent,
783 946 967 1032 quominus
985 952 1127 1033 propter
1145 945 1281 1010 residua
1298 969 1400 1031 quae-

216 1065 237 1130 5
261 1072 340 1138 dam
359 1072 498 1138 illorum
521 1072 883 1160 incomprehensibilia
902 1072 1070 1137 mensuris
1095 1078 1129 1137 et
1153 1070 1220 1158 ipsi
1245 1094 1314 1138 non
1333 1096 1403 1139 mo-

260 1197 376 1262 dicum
400 1197 602 1263 fallerentur
626 1204 660 1264 et
684 1197 769 1263 alios
800 1219 870 1263 non
894 1197 1112 1263 mediocriter
1130 1197 1300 1262 fallerent.
1325 1198 1401 1282 Ego

259 1345 340 1389 vero
360 1346 428 1408 qua
447 1328 499 1406 (ut
523 1323 624 1389 istam
643 1323 845 1390 facultatem
868 1327 1076 1408 assequerer)
1097 1345 1179 1388 usus
1203 1321 1329 1389 fuerim
1353 1323 1403 1388 in·

260 1449 391 1514 dustria
422 1448 520 1532 duce,
538 1470 673 1534 quoque
702 1449 872 1514 iactorum
897 1448 1203 1515 fundamentorum
1226 1448 1400 1536 principio

259 1574 386 1640 fuerim
404 1574 616 1662 auspicatus,
630 1574 660 1640 si
676 1574 795 1639 audire
815 1564 924 1661 cupis,
942 1574 1061 1662 paucis
1077 1582 1112 1639 et
1130 1574 1330 1662 plenissime
1349 1575 1400 1640 in-

195 1704 237 1767 10
260 1700 414 1767 sinuabo.

348 1825 430 1891 Bor.
455 1824 698 1892 Attentissime
713 1832 748 1892 te
765 1826 913 1891 audiam.

347 1951 438 2016 Mon.
465 1951 635 2029 Quoniam
648 1951 690 2016 de
707 1951 936 2017 fractionibus
949 1951 1084 2038 peritia,
1097 1958 1137 2016 ut
1149 1951 1279 2038 optime
1297 1951 1398 2032 nosti,

259 2076 348 2142 nihil
375 2076 470 2142 aliud
497 2083 548 2142 est
576 2100 680 2162 quam
706 2084 827 2143 exacta
845 2077 1079 2165 proportionis
1105 2099 1247 2142 arcuum
1273 2077 1317 2142 ad
1336 2076 1400 2141 cir-

259 2201 502 2269 cumferentias
525 2210 559 2268 ct
580 2204 784 2270 chordarum
802 2204 846 2269 ad
869 2203 1055 2270 diametros
1083 2202 1250 2288 cogniti0,
1271 2223 1399 2286 exque

195 2326 236 2389 15
260 2334 508 2413 consequenter
534 2352 574 2394 ea
592 2351 679 2414 quae
707 2335 759 2394 est
788 2329 992 2394 chordarum
1011 2328 1055 2393 ad
1082 2351 1180 2393 arcus
1201 2334 1235 2392 et
1254 2349 1398 2393 arcuum

261 2453 304 2518 ad
323 2452 467 2519 chordas
486 2453 675 2536 diducitur,
696 2454 823 2520 idcirco
836 2455 947 2541 ipsam
963 2454 1007 2519 ad
1025 2454 1108 2518 haec
1120 2476 1228 2537 usque
1242 2459 1398 2538 tempora

258 2601 329 2644 non
346 2577 585 2645 difficillimam
605 2580 721 2664 mode,
741 2581 853 2645 sedet
877 2579 1070 2645 rationibus
1088 2579 1218 2643 habitis
1242 2578 1398 2665 impossi-

257 2704 364 2770 bilem
392 2704 557 2788 iudicavi,
579 2728 656 2795 cum
686 2705 994 2771 animadverterem
1024 2726 1275 2790 quamcumque
1294 2704 1399 2770 eliam

258 2838 395 2918 praeter
423 2853 528 2896 unam
558 2830 650 2895 viam
683 2830 727 2896 ad
754 2830 804 2896 rei
833 2830 1043 2917 perquisitae
1075 2829 1294 2917 adeptionem
1327 2853 1397 2894 non

190 2963 235 3025 20
258 2979 356 3043 posse
387 2978 597 3044 promovere.
630 2955 717 3020 (lum
749 2978 830 3041 ergo
861 2954 975 3020 varios
1005 2960 1109 3039 atque
1139 2954 1290 3021 diversos
1323 2955 1396 3041 (qui

256 3082 300 3146 ad
328 3081 429 3146 huius
457 3081 569 3168 operis
600 3081 794 3169 complendi
817 3081 970 3147 studium
994 3079 1148 3146 animum
1172 3080 1394 3166 appulerunt)

256 3207 461 3291 evolverem,
481 3207 577 3272 nulla
595 3208 663 3272 alia
687 3207 728 3272 de
752 3230 854 3273 causa
878 3206 963 3272 ahos
982 3205 1060 3272 aliis
1084 3205 1287 3271 celebriores
1310 3204 1397 3270 iudi·

256 3355 333 3398 care
352 3333 458 3420 potui,
477 3355 579 3418 quam
597 3335 678 3419 quia
694 3357 764 3399 non
782 3342 907 3398 temere
919 3333 1118 3415 faciliorem,
1131 3331 1396 3417 expedifltiorem
1421 3331 1472 3395 3¹

255 3458 434 3544 magisque
457 3458 732 3546 compendiosam
763 3458 856 3524 viam
883 3458 926 3523 ad
949 3480 1071 3540 unum,
1092 3456 1183 3521 idem
1206 3456 1395 3541 itidemque

189 3589 232 3651 ‘25
255 3584 492 3671 arripuerunt,
514 3584 596 3649 dum
615 3584 741 3650 caeteri
760 3584 870 3670 magis
890 3583 1006 3648 arduis
1025 3582 1244 3669 operosisque
1258 3581 1395 3647 demon-

255 3710 481 3776 strationibus
504 3710 652 3797 amplius
682 3709 913 3776 studiosorum
937 3708 1069 3773 animos
1094 3707 1338 3789 contorserint3
1355 3715 1395 3772 ut

256 3835 394 3901 tandem
414 3835 547 3901 nullum
570 3835 665 3901 aliud
689 3835 780 3901 inter
799 3857 1047 3920 quemcumque
1071 3835 1175 3899 talem
1200 3841 1304 3917 atquo
1324 3857 1395 3898 cao-

255 3967 346 4026 teros
362 3960 464 4026 liceat
488 3961 670 4026 discrimen
688 3960 855 4043 invenire,
876 3982 977 4046 quam
1003 3958 1094 4044 quod
1117 3958 1174 4023 hic
1196 3959 1346 4040 facilius,
1369 3959 1393 4022 ii

255 4109 336 4153 vero
355 4085 529 4151 difficilius
560 4087 604 4151 ad
627 4086 717 4150 idem
746 4087 874 4151 atrium
892 4092 1134 4172 pervenerunt.
1154 4085 1206 4148 Ex
1233 4084 1317 4171 ipsis
1337 4107 1395 4148 au·

188 4214 233 4277 30
256 4217 325 4275 tem
345 4210 504 4276 omnibus
520 4211 635 4276 nullus
654 4219 752 4276 extat
762 4211 912 4294 omnino,
930 4211 988 4296 qui
1009 4234 1047 4276 eo
1064 4209 1230 4275 celebrior
1248 4208 1395 4275 evaserit

259 4393 328 4401 --—.
344 4394 351 4399 .
368 4393 627 4399 .-.-—.-——---—-
880 4392 955 4398 ...-
1324 4391 1389 4399 ..-

341 4472 371 4519 lo·
387 4468 455 4536 leppr'
468 4468 620 4519 deducitur
682 4470 712 4518 ‘21
728 4469 899 4533 appulerant
961 4468 993 4517 ‘2ss
1009 4466 1210 4517 contorxerint

390 4581 465 4622 Ruunt
482 4584 535 4633 epp.
553 4583 592 4619 ure.
610 4579 630 4625 Ι,
646 4581 666 4620 t.
1207 4577 1233 4615 itu
