3420 5190
502 421 615 467 SVMMA
635 422 854 468 Tasuluonvu
874 420 1186 466 Muruoflusiconvu.
1374 404 1411 464 73

416 747 660 827 EIVSDEM
700 747 906 826 PRAXIS
946 748 1271 843 DESOENSVS,

633 958 697 1005 SEV
719 957 916 1005 malcino
938 959 1044 1005 naula.

358 1193 547 1260 Descendit
563 1216 623 1261 ens
632 1194 744 1284 primo
761 1195 799 1262 in
815 1196 1046 1263 substantiam
1061 1219 1123 1285 per
1138 1195 1410 1263 contractionem

270 1317 501 1403 differentiae,
526 1342 613 1406 quae
636 1328 689 1387 est
711 1321 808 1389 iuxta
831 1322 974 1389 tertium
997 1322 1136 1388 modum
1159 1344 1221 1410 per
1244 1344 1292 1406 se,
1313 1321 1410 1389 ouius

226 1454 248 1520 5
270 1444 394 1512 merito
417 1446 562 1513 subinde
586 1447 762 1514 deseendit
785 1449 823 1515 in
845 1472 898 1535 ea,
922 1473 1009 1538 quae
1032 1456 1114 1517 sunt
1136 1449 1409 1533 insubstantia,

271 1594 349 1638 oum
384 1573 593 1661 substantia,
628 1575 717 1641 cirea
750 1576 980 1643 substantiam
1014 1584 1049 1643 et
1084 1575 1327 1644 universaliter
1366 1575 1409 1642 de

271 1700 468 1769 substantia
491 1703 750 1791 praedicantur,
780 1705 968 1795 principia,
995 1711 1126 1794 partes,
1149 1727 1289 1792 genera,
1314 1702 1411 1769 diffe-

270 1833 403 1900 rentiae
422 1839 457 1899 et
475 1832 578 1899 modi.
596 1833 888 1901 Distributionem
910 1856 1027 1901 eorum
1048 1856 1135 1921 quae
1155 1832 1197 1898 de
1213 1831 1409 1899 substantia

270 1961 433 2030 dicuntur
451 1970 486 2028 et
509 1962 550 2028 de
569 1961 745 2029 accidente
762 1961 1052 2050 praedicatorum,
1069 1960 1179 2026 fusius
1198 1959 1236 2025 in
1259 1959 1408 2026 secunda

204 2097 248 2163 10
270 2091 371 2158 huius
398 2089 584 2157 voluminis
612 2099 712 2179 parte
738 2089 987 2178 proposuimus.
1009 2089 1014 2179 Ι
1034 2088 1136 2155 Nune
1162 2088 1406 2155 formationem
1430 2101 1540 2165 473
1557 2101 1598 2167 G

269 2219 428 2304 istorum,
447 2242 515 2307 qua
534 2219 746 2286 definiuntur
765 2219 858 2285 entia
877 2219 1113 2307 metaphysica
1129 2226 1164 2285 et
1177 2242 1216 2286 ea
1236 2241 1323 2307 quae
1339 2243 1406 2285 me-

268 2345 326 2412 die
346 2352 428 2412 sunt
455 2345 546 2412 inter
566 2346 799 2434 metaphysica
818 2353 922 2435 atque
936 2348 1080 2436 physica
1098 2347 1271 2436 principia
1293 2353 1328 2413 et
1350 2369 1407 2412 en-

269 2471 334 2557 tia,
355 2472 597 2539 exercebimus
625 2472 838 2539 Formabiiie
860 2480 943 2540 sunt
966 2475 1058 2540 Deus
1085 2497 1145 2540 seu
1173 2497 1281 2559 mens,
1307 2471 1407 2539 intel·

269 2596 379 2663 lectus
397 2621 457 2664 sou
480 2598 569 2683 idea,
590 2620 686 2665 amor
704 2622 764 2667 seu
782 2600 899 2667 anima
922 2599 1052 2667 mundi.
1076 2601 1198 2687 Itaque
1221 2599 1319 2666 iuxta
1338 2599 1407 2665 tria

205 2728 247 2795 15
269 2721 353 2789 haee
374 2746 455 2811 pars
478 2723 545 2791 ista
563 2724 686 2792 ultima
704 2724 742 2791 in
761 2733 831 2792 tres
849 2724 1098 2814 applicationes
1117 2723 1346 2792 distribuitur.

545 3064 619 3140 nn
657 3063 764 3140 nno
801 3062 904 3142 sav
935 3059 1142 3169 unnim

702 3369 730 3436 Ι.
753 3367 973 3435 Svnsmuris.

357 3582 451 3647 Deus
474 3600 556 3664 ergo
580 3582 632 3641 est
656 3568 851 3639 substantia
874 3569 1079 3638 universalis
1103 3572 1138 3637 in
1163 3572 1318 3658 essentie,
1340 3597 1407 3660 qua

270 3708 386 3776 omnia
404 3711 498 3787 sunt,
516 3701 665 3769 essentia
683 3699 795 3766 omnis
814 3696 981 3764 essentiae
1010 3697 1103 3783 fons,
1125 3697 1130 3786 Ι
1151 3721 1219 3786 qua
1238 3698 1409 3785 quidquid
1432 3707 1503 3771 69
1515 3710 1571 3772 Μ

203 3837 249 3903 20
272 3840 338 3919 est,
356 3839 422 3915 est,
445 3829 569 3896 intima
593 3825 688 3892 omni
711 3824 784 3891 enti
809 3824 920 3909 magis
944 3846 1047 3911 qnam
1074 3846 1136 3889 sua
1159 3823 1271 3891 forma
1294 3832 1328 3890 et
1347 3849 1409 3893 sua

270 3965 395 4027 natura
413 3952 600 4039 unicuique
619 3973 690 4018 esse
709 3949 827 4039 possit.
842 3948 940 4015 Siout
959 3949 1050 4015 enim
1069 3957 1195 4016 natura
1209 3957 1260 4015 est
1276 3950 1408 4016 unioni-

271 4108 338 4172 que
356 4080 620 4150 fundamentum
641 4077 811 4160 entitatis,
831 4076 881 4141 ita
903 4074 1108 4163 profundius
1127 4082 1271 4141 naturae
1294 4076 1409 4142 nnius·

271 4210 436 4295 cuiusque
451 4204 716 4272 fundamentum
746 4210 798 4269 est
825 4201 928 4267 Deus.
952 4203 1139 4288 Propterea
1167 4201 1253 4267 beno
1282 4200 1410 4267 dieitur

270 4337 325 4402 ‘in
342 4356 408 4421 quo
425 4332 590 4415 vivimus,
605 4336 807 4416 vegetamur
822 4333 857 4393 ot
880 4329 1026 4410 sumns'3
1044 4327 1124 4413 quia
1141 4335 1193 4392 ost
1208 4327 1301 4392 vitae
1319 4327 1408 4414 rita,

204 4457 248 4525 25
271 4459 501 4550 vegetationis
517 4454 703 4543 vegetatio,
724 4454 881 4521 ontitatis
898 4451 1054 4520 essentia.

396 4581 472 4621 sssum
496 4575 669 4626 0pp.1ae.1,4.
1223 4573 1248 4612 10
