<?xml version="1.0" encoding="UTF-8"?>
<!DOCTYPE html PUBLIC "-//W3C//DTD XHTML 1.0 Transitional//EN"
    "http://www.w3.org/TR/xhtml1/DTD/xhtml1-transitional.dtd">
<html xmlns="http://www.w3.org/1999/xhtml" xml:lang="en" lang="en">
 <head>
  <title>
</title>
<meta http-equiv="Content-Type" content="text/html;charset=utf-8" />
  <meta name='ocr-system' content='tesseract 3.04.00' />
  <meta name='ocr-capabilities' content='ocr_page ocr_carea ocr_par ocr_line ocrx_word'/>
</head>
<body>
  <div class='ocr_page' id='page_1' title='image "./jordanibruninol02brungoog_0034.png"; bbox 0 0 3420 5190; ppageno 0'>
   <div class='ocr_carea' id='block_1_1' title="bbox 489 428 1405 488">
    <p class='ocr_par' dir='ltr' id='par_1_1' title="bbox 489 428 1405 488">
     <span class='ocr_line' id='line_1_1' title="bbox 489 428 1405 488; baseline 0 -1"><span class='ocrx_word' id='word_1_1' title='bbox 489 441 603 487; x_wconf 74' lang='lat' dir='ltr'>SVMMA</span> <span class='ocrx_word' id='word_1_2' title='bbox 623 440 843 487; x_wconf 66' lang='lat' dir='ltr'><strong>renumeravit</strong></span> <span class='ocrx_word' id='word_1_3' title='bbox 863 441 1179 486; x_wconf 77' lang='lat' dir='ltr'><strong>METAPHYSIGORVM.</strong></span> <span class='ocrx_word' id='word_1_4' title='bbox 1366 428 1405 488; x_wconf 79' lang='lat'><strong>25</strong></span> 
     </span>
    </p>
   </div>
   <div class='ocr_carea' id='block_1_2' title="bbox 216 595 1404 1310">
    <p class='ocr_par' dir='ltr' id='par_1_2' title="bbox 260 595 1402 810">
     <span class='ocr_line' id='line_1_2' title="bbox 260 595 1402 686; baseline -0.001 -23"><span class='ocrx_word' id='word_1_5' title='bbox 260 618 375 664; x_wconf 90' lang='lat' dir='ltr'><strong>merus</strong></span> <span class='ocrx_word' id='word_1_6' title='bbox 393 595 573 664; x_wconf 89' lang='lat' dir='ltr'><strong>hominum</strong></span> <span class='ocrx_word' id='word_1_7' title='bbox 590 597 647 663; x_wconf 88' lang='lat' dir='ltr'><strong>vel</strong></span> <span class='ocrx_word' id='word_1_8' title='bbox 661 597 779 682; x_wconf 89' lang='lat' dir='ltr'><strong>boum;</strong></span> <span class='ocrx_word' id='word_1_9' title='bbox 799 602 923 684; x_wconf 88' lang='lat' dir='ltr'><strong>quarto</strong></span> <span class='ocrx_word' id='word_1_10' title='bbox 942 597 1018 686; x_wconf 88' lang='lat' dir='ltr'><strong>ipsa</strong></span> <span class='ocrx_word' id='word_1_11' title='bbox 1033 596 1162 685; x_wconf 87' lang='lat' dir='ltr'><strong>species</strong></span> <span class='ocrx_word' id='word_1_12' title='bbox 1182 595 1402 682; x_wconf 76' lang='lat' dir='ltr'>quantitatis,</span> 
     </span>
     <span class='ocr_line' id='line_1_3' title="bbox 261 723 954 810; baseline -0.004 -18"><span class='ocrx_word' id='word_1_13' title='bbox 261 729 301 792; x_wconf 91' lang='lat' dir='ltr'><strong>ut</strong></span> <span class='ocrx_word' id='word_1_14' title='bbox 324 724 518 809; x_wconf 89' lang='lat' dir='ltr'><strong>denarium,</strong></span> <span class='ocrx_word' id='word_1_15' title='bbox 538 723 751 810; x_wconf 86' lang='lat' dir='ltr'><strong>quinarium,</strong></span> <span class='ocrx_word' id='word_1_16' title='bbox 771 724 954 791; x_wconf 89' lang='lat' dir='ltr'><strong>senarium.</strong></span> 
     </span>
    </p>

    <p class='ocr_par' dir='ltr' id='par_1_3' title="bbox 353 845 1404 938">
     <span class='ocr_line' id='line_1_4' title="bbox 353 845 1404 938; baseline -0.003 -22"><span class='ocrx_word' id='word_1_17' title='bbox 353 849 568 928; x_wconf 81' lang='lat' dir='ltr'><strong>Quantitatis</strong></span> <span class='ocrx_word' id='word_1_18' title='bbox 586 848 804 917; x_wconf 84' lang='lat' dir='ltr'><strong>differentiae</strong></span> <span class='ocrx_word' id='word_1_19' title='bbox 822 850 956 938; x_wconf 83' lang='lat' dir='ltr'><strong>primae</strong></span> <span class='ocrx_word' id='word_1_20' title='bbox 975 856 1057 916; x_wconf 88' lang='lat' dir='ltr'><strong>sunt</strong></span> <span class='ocrx_word' id='word_1_21' title='bbox 1070 848 1209 914; x_wconf 90' lang='lat' dir='ltr'><strong>finitum</strong></span> <span class='ocrx_word' id='word_1_22' title='bbox 1234 853 1269 914; x_wconf 90' lang='lat' dir='ltr'><strong>et</strong></span> <span class='ocrx_word' id='word_1_23' title='bbox 1288 845 1404 913; x_wconf 89' lang='lat' dir='ltr'><strong>infini-</strong></span> 
     </span>
    </p>

    <p class='ocr_par' dir='ltr' id='par_1_4' title="bbox 261 972 1404 1060">
     <span class='ocr_line' id='line_1_5' title="bbox 261 972 1404 1060; baseline 0 -22"><span class='ocrx_word' id='word_1_24' title='bbox 261 980 350 1060; x_wconf 91' lang='lat' dir='ltr'><strong>tum,</strong></span> <span class='ocrx_word' id='word_1_25' title='bbox 364 974 425 1041; x_wconf 90' lang='lat' dir='ltr'><strong>ubi</strong></span> <span class='ocrx_word' id='word_1_26' title='bbox 435 975 781 1041; x_wconf 87' lang='lat' dir='ltr'><strong>animadvertendum</strong></span> <span class='ocrx_word' id='word_1_27' title='bbox 792 982 844 1041; x_wconf 89' lang='lat' dir='ltr'><strong>est</strong></span> <span class='ocrx_word' id='word_1_28' title='bbox 856 973 1033 1041; x_wconf 90' lang='lat' dir='ltr'><strong>infinitum</strong></span> <span class='ocrx_word' id='word_1_29' title='bbox 1048 973 1117 1039; x_wconf 87' lang='lat' dir='ltr'><strong>dici</strong></span> <span class='ocrx_word' id='word_1_30' title='bbox 1128 972 1316 1039; x_wconf 88' lang='lat' dir='ltr'><strong>secundum</strong></span> <span class='ocrx_word' id='word_1_31' title='bbox 1330 973 1404 1058; x_wconf 91' lang='lat' dir='ltr'><strong>plu-</strong></span> 
     </span>
    </p>

    <p class='ocr_par' dir='ltr' id='par_1_5' title="bbox 216 1097 1403 1187">
     <span class='ocr_line' id='line_1_6' title="bbox 216 1097 1403 1187; baseline -0.001 -23"><span class='ocrx_word' id='word_1_32' title='bbox 216 1100 238 1164; x_wconf 76' lang='grc' dir='ltr'>ὅ</span> <span class='ocrx_word' id='word_1_33' title='bbox 261 1121 314 1165; x_wconf 85' lang='lat' dir='ltr'><strong>res</strong></span> <span class='ocrx_word' id='word_1_34' title='bbox 337 1098 482 1187; x_wconf 87' lang='lat' dir='ltr'><strong>species,</strong></span> <span class='ocrx_word' id='word_1_35' title='bbox 507 1106 547 1165; x_wconf 93' lang='lat' dir='ltr'><strong>ut</strong></span> <span class='ocrx_word' id='word_1_36' title='bbox 570 1100 812 1186; x_wconf 90' lang='lat' dir='ltr'><strong>magnitudine</strong></span> <span class='ocrx_word' id='word_1_37' title='bbox 835 1124 895 1167; x_wconf 91' lang='lat' dir='ltr'><strong>seu</strong></span> <span class='ocrx_word' id='word_1_38' title='bbox 919 1100 1153 1183; x_wconf 81' lang='lat' dir='ltr'><strong>dimensione,</strong></span> <span class='ocrx_word' id='word_1_39' title='bbox 1178 1097 1403 1163; x_wconf 86' lang='lat' dir='ltr'><strong>multitudine</strong></span> 
     </span>
    </p>

    <p class='ocr_par' dir='ltr' id='par_1_6' title="bbox 262 1222 1400 1310">
     <span class='ocr_line' id='line_1_7' title="bbox 262 1222 1400 1310; baseline -0.003 -20"><span class='ocrx_word' id='word_1_40' title='bbox 262 1246 322 1290; x_wconf 85' lang='lat' dir='ltr'><strong>seu</strong></span> <span class='ocrx_word' id='word_1_41' title='bbox 352 1246 510 1310; x_wconf 90' lang='lat' dir='ltr'><strong>numere,</strong></span> <span class='ocrx_word' id='word_1_42' title='bbox 534 1224 666 1291; x_wconf 87' lang='lat' dir='ltr'><strong>virtute</strong></span> <span class='ocrx_word' id='word_1_43' title='bbox 693 1248 753 1292; x_wconf 84' lang='lat' dir='ltr'><strong>seu</strong></span> <span class='ocrx_word' id='word_1_44' title='bbox 778 1225 943 1308; x_wconf 89' lang='lat' dir='ltr'><strong>efficacia,</strong></span> <span class='ocrx_word' id='word_1_45' title='bbox 965 1230 1139 1291; x_wconf 90' lang='lat' dir='ltr'><strong>momento</strong></span> <span class='ocrx_word' id='word_1_46' title='bbox 1164 1245 1224 1289; x_wconf 91' lang='lat' dir='ltr'><strong>seu</strong></span> <span class='ocrx_word' id='word_1_47' title='bbox 1242 1222 1400 1289; x_wconf 87' lang='lat' dir='ltr'><strong>essentia.</strong></span> 
     </span>
    </p>
   </div>
   <div class='ocr_carea' id='block_1_3' title="bbox 261 1346 1404 1439">
    <p class='ocr_par' dir='ltr' id='par_1_7' title="bbox 261 1346 1404 1439">
     <span class='ocr_line' id='line_1_8' title="bbox 261 1346 1404 1439; baseline -0.003 -25"><span class='ocrx_word' id='word_1_48' title='bbox 261 1347 445 1415; x_wconf 87' lang='lat' dir='ltr'><strong>Infinitum</strong></span> <span class='ocrx_word' id='word_1_49' title='bbox 464 1349 549 1416; x_wconf 90' lang='lat' dir='ltr'><strong>item</strong></span> <span class='ocrx_word' id='word_1_50' title='bbox 564 1350 693 1418; x_wconf 87' lang='lat' dir='ltr'><strong>dicitur</strong></span> <span class='ocrx_word' id='word_1_51' title='bbox 709 1350 907 1439; x_wconf 81' lang='lat' dir='ltr'><strong>dupliciter:</strong></span> <span class='ocrx_word' id='word_1_52' title='bbox 923 1372 993 1417; x_wconf 93' lang='lat' dir='ltr'><strong>uno</strong></span> <span class='ocrx_word' id='word_1_53' title='bbox 1009 1355 1111 1438; x_wconf 87' lang='lat' dir='ltr'><strong>pacto</strong></span> <span class='ocrx_word' id='word_1_54' title='bbox 1128 1348 1227 1434; x_wconf 83' lang='lat' dir='ltr'><strong>quasi</strong></span> <span class='ocrx_word' id='word_1_55' title='bbox 1246 1346 1404 1413; x_wconf 89' lang='lat' dir='ltr'><strong>indefini-</strong></span> 
     </span>
    </p>
   </div>
   <div class='ocr_carea' id='block_1_4' title="bbox 188 1476 1585 3832">
    <p class='ocr_par' dir='ltr' id='par_1_8' title="bbox 188 1476 1585 3832">
     <span class='ocr_line' id='line_1_9' title="bbox 260 1476 1403 1560; baseline 0 -20"><span class='ocrx_word' id='word_1_56' title='bbox 260 1480 349 1560; x_wconf 91' lang='lat' dir='ltr'><strong>tum,</strong></span> <span class='ocrx_word' id='word_1_57' title='bbox 369 1476 460 1543; x_wconf 85' lang='lat' dir='ltr'><strong>sicut</strong></span> <span class='ocrx_word' id='word_1_58' title='bbox 483 1476 662 1543; x_wconf 90' lang='lat' dir='ltr'><strong>infinitum</strong></span> <span class='ocrx_word' id='word_1_59' title='bbox 692 1477 839 1543; x_wconf 82' lang='lat' dir='ltr'><strong>dicimus</strong></span> <span class='ocrx_word' id='word_1_60' title='bbox 862 1498 1044 1542; x_wconf 87' lang='lat' dir='ltr'><strong>numerum</strong></span> <span class='ocrx_word' id='word_1_61' title='bbox 1074 1496 1300 1560; x_wconf 90' lang='lat' dir='ltr'><strong>rerumquae</strong></span> <span class='ocrx_word' id='word_1_62' title='bbox 1332 1495 1403 1540; x_wconf 88' lang='lat' dir='ltr'><strong>non</strong></span> 
     </span>
     <span class='ocr_line' id='line_1_10' title="bbox 259 1600 1402 1689; baseline -0.003 -20"><span class='ocrx_word' id='word_1_63' title='bbox 259 1609 405 1689; x_wconf 89' lang='lat' dir='ltr'><strong>possunt</strong></span> <span class='ocrx_word' id='word_1_64' title='bbox 423 1603 611 1689; x_wconf 88' lang='lat' dir='ltr'><strong>numerari,</strong></span> <span class='ocrx_word' id='word_1_65' title='bbox 632 1603 769 1671; x_wconf 87' lang='lat' dir='ltr'><strong>etiamsi</strong></span> <span class='ocrx_word' id='word_1_66' title='bbox 787 1626 858 1670; x_wconf 90' lang='lat' dir='ltr'><strong>non</strong></span> <span class='ocrx_word' id='word_1_67' title='bbox 872 1603 943 1669; x_wconf 90' lang='lat' dir='ltr'><strong>sint</strong></span> <span class='ocrx_word' id='word_1_68' title='bbox 962 1603 1174 1686; x_wconf 81' lang='lat' dir='ltr'><strong>innumerae,</strong></span> <span class='ocrx_word' id='word_1_69' title='bbox 1191 1601 1280 1667; x_wconf 89' lang='lat' dir='ltr'><strong>sicut</strong></span> <span class='ocrx_word' id='word_1_70' title='bbox 1296 1600 1402 1666; x_wconf 85' lang='lat' dir='ltr'><strong>etiem</strong></span> 
     </span>
     <span class='ocr_line' id='line_1_11' title="bbox 194 1727 1403 1818; baseline -0.004 -22"><span class='ocrx_word' id='word_1_71' title='bbox 194 1730 237 1796; x_wconf 92' lang='grc'><strong>10</strong></span> <span class='ocrx_word' id='word_1_72' title='bbox 260 1729 484 1796; x_wconf 87' lang='lat' dir='ltr'><strong>Arithmetici</strong></span> <span class='ocrx_word' id='word_1_73' title='bbox 502 1738 703 1818; x_wconf 91' lang='lat' dir='ltr'><strong>supponunt</strong></span> <span class='ocrx_word' id='word_1_74' title='bbox 726 1730 892 1797; x_wconf 88' lang='lat' dir='ltr'><strong>dicentes:</strong></span> <span class='ocrx_word' id='word_1_75' title='bbox 918 1731 964 1796; x_wconf 89' lang='lat' dir='ltr'><strong>sit</strong></span> <span class='ocrx_word' id='word_1_76' title='bbox 987 1753 1150 1796; x_wconf 88' lang='lat' dir='ltr'><strong>numerus</strong></span> <span class='ocrx_word' id='word_1_77' title='bbox 1173 1728 1346 1812; x_wconf 89' lang='lat' dir='ltr'><strong>infinitus,</strong></span> <span class='ocrx_word' id='word_1_78' title='bbox 1365 1727 1403 1792; x_wconf 90' lang='lat' dir='ltr'><strong>id</strong></span> 
     </span>
     <span class='ocr_line' id='line_1_12' title="bbox 257 1856 1402 1946; baseline -0.002 -23"><span class='ocrx_word' id='word_1_79' title='bbox 257 1863 310 1924; x_wconf 91' lang='lat' dir='ltr'><strong>est</strong></span> <span class='ocrx_word' id='word_1_80' title='bbox 336 1859 587 1945; x_wconf 89' lang='lat' dir='ltr'><strong>quantuslibet,</strong></span> <span class='ocrx_word' id='word_1_81' title='bbox 613 1867 647 1925; x_wconf 89' lang='lat' dir='ltr'><strong>et</strong></span> <span class='ocrx_word' id='word_1_82' title='bbox 672 1865 884 1946; x_wconf 86' lang='lat' dir='ltr'><strong>geometrae:</strong></span> <span class='ocrx_word' id='word_1_83' title='bbox 915 1858 961 1925; x_wconf 92' lang='lat' dir='ltr'><strong>sit</strong></span> <span class='ocrx_word' id='word_1_84' title='bbox 986 1858 1078 1924; x_wconf 87' lang='lat' dir='ltr'><strong>linea</strong></span> <span class='ocrx_word' id='word_1_85' title='bbox 1106 1856 1259 1942; x_wconf 87' lang='lat' dir='ltr'><strong>infinita,</strong></span> <span class='ocrx_word' id='word_1_86' title='bbox 1286 1856 1322 1921; x_wconf 89' lang='lat' dir='ltr'><strong>id</strong></span> <span class='ocrx_word' id='word_1_87' title='bbox 1350 1863 1402 1922; x_wconf 90' lang='lat' dir='ltr'><strong>est</strong></span> 
     </span>
     <span class='ocr_line' id='line_1_13' title="bbox 258 1985 1402 2075; baseline -0.002 -23"><span class='ocrx_word' id='word_1_88' title='bbox 258 1987 475 2072; x_wconf 87' lang='lat' dir='ltr'><strong>quantalibet</strong></span> <span class='ocrx_word' id='word_1_89' title='bbox 493 1993 529 2054; x_wconf 91' lang='lat' dir='ltr'><strong>et</strong></span> <span class='ocrx_word' id='word_1_90' title='bbox 551 1987 589 2053; x_wconf 88' lang='lat' dir='ltr'><strong>in</strong></span> <span class='ocrx_word' id='word_1_91' title='bbox 610 2009 677 2075; x_wconf 83' lang='lat' dir='ltr'><strong>que</strong></span> <span class='ocrx_word' id='word_1_92' title='bbox 697 1993 918 2074; x_wconf 83' lang='lat' dir='ltr'><strong>quotcunque</strong></span> <span class='ocrx_word' id='word_1_93' title='bbox 936 1994 971 2052; x_wconf 91' lang='lat' dir='ltr'><strong>et</strong></span> <span class='ocrx_word' id='word_1_94' title='bbox 990 1986 1161 2073; x_wconf 90' lang='lat' dir='ltr'><strong>quotlibet</strong></span> <span class='ocrx_word' id='word_1_95' title='bbox 1185 1985 1295 2074; x_wconf 89' lang='lat' dir='ltr'><strong>possis</strong></span> <span class='ocrx_word' id='word_1_96' title='bbox 1315 1985 1402 2051; x_wconf 84' lang='lat' dir='ltr'><strong>acci·</strong></span> 
     </span>
     <span class='ocr_line' id='line_1_14' title="bbox 257 2113 1402 2203; baseline 0.001 -24"><span class='ocrx_word' id='word_1_97' title='bbox 257 2136 338 2202; x_wconf 90' lang='lat' dir='ltr'><strong>pere</strong></span> <span class='ocrx_word' id='word_1_98' title='bbox 364 2122 495 2203; x_wconf 87' lang='lat' dir='ltr'><strong>partes,</strong></span> <span class='ocrx_word' id='word_1_99' title='bbox 523 2114 585 2181; x_wconf 93' lang='lat' dir='ltr'><strong>ubi</strong></span> <span class='ocrx_word' id='word_1_100' title='bbox 612 2136 794 2202; x_wconf 85' lang='lat' dir='ltr'><strong>perperam</strong></span> <span class='ocrx_word' id='word_1_101' title='bbox 817 2113 1054 2201; x_wconf 85' lang='lat' dir='ltr'><strong>intelligerent</strong></span> <span class='ocrx_word' id='word_1_102' title='bbox 1076 2114 1265 2200; x_wconf 89' lang='lat' dir='ltr'><strong>infinitam,</strong></span> <span class='ocrx_word' id='word_1_103' title='bbox 1290 2114 1326 2180; x_wconf 91' lang='lat' dir='ltr'><strong>id</strong></span> <span class='ocrx_word' id='word_1_104' title='bbox 1349 2122 1402 2180; x_wconf 89' lang='lat' dir='ltr'><strong>est</strong></span> 
     </span>
     <span class='ocr_line' id='line_1_15' title="bbox 259 2241 1402 2329; baseline 0.002 -21"><span class='ocrx_word' id='word_1_105' title='bbox 259 2242 463 2329; x_wconf 91' lang='lat' dir='ltr'><strong>simpliciter</strong></span> <span class='ocrx_word' id='word_1_106' title='bbox 482 2249 517 2308; x_wconf 92' lang='lat' dir='ltr'><strong>et</strong></span> <span class='ocrx_word' id='word_1_107' title='bbox 536 2243 610 2309; x_wconf 90' lang='lat' dir='ltr'><strong>sine</strong></span> <span class='ocrx_word' id='word_1_108' title='bbox 628 2241 712 2326; x_wconf 91' lang='lat' dir='ltr'><strong>fine,</strong></span> <span class='ocrx_word' id='word_1_109' title='bbox 731 2242 827 2308; x_wconf 88' lang='lat' dir='ltr'><strong>cuius</strong></span> <span class='ocrx_word' id='word_1_110' title='bbox 846 2242 962 2308; x_wconf 87' lang='lat' dir='ltr'><strong>nullus</strong></span> <span class='ocrx_word' id='word_1_111' title='bbox 981 2249 1033 2309; x_wconf 87' lang='lat' dir='ltr'><strong>est</strong></span> <span class='ocrx_word' id='word_1_112' title='bbox 1051 2266 1132 2308; x_wconf 91' lang='lat' dir='ltr'><strong>usus</strong></span> <span class='ocrx_word' id='word_1_113' title='bbox 1151 2251 1186 2308; x_wconf 95' lang='lat' dir='ltr'><strong>et</strong></span> <span class='ocrx_word' id='word_1_114' title='bbox 1204 2265 1308 2329; x_wconf 89' lang='lat' dir='ltr'><strong>quam</strong></span> <span class='ocrx_word' id='word_1_115' title='bbox 1327 2246 1402 2310; x_wconf 90' lang='lat' dir='ltr'><strong>nul-</strong></span> 
     </span>
     <span class='ocr_line' id='line_1_16' title="bbox 193 2366 1400 2457; baseline 0.006 -28"><span class='ocrx_word' id='word_1_116' title='bbox 193 2366 234 2430; x_wconf 78' lang='lat'><strong>15</strong></span> <span class='ocrx_word' id='word_1_117' title='bbox 257 2369 328 2435; x_wconf 84' lang='lat' dir='ltr'><strong>lam</strong></span> <span class='ocrx_word' id='word_1_118' title='bbox 342 2392 414 2436; x_wconf 90' lang='lat' dir='ltr'><strong>esse</strong></span> <span class='ocrx_word' id='word_1_119' title='bbox 430 2376 622 2435; x_wconf 85' lang='lat' dir='ltr'><strong>autumant.</strong></span> <span class='ocrx_word' id='word_1_120' title='bbox 639 2367 822 2434; x_wconf 90' lang='lat' dir='ltr'><strong>Infinitum</strong></span> <span class='ocrx_word' id='word_1_121' title='bbox 834 2390 971 2434; x_wconf 88' lang='lat' dir='ltr'><strong>rursum</strong></span> <span class='ocrx_word' id='word_1_122' title='bbox 983 2368 1111 2456; x_wconf 86' lang='lat' dir='ltr'><strong>duplex</strong></span> <span class='ocrx_word' id='word_1_123' title='bbox 1130 2376 1198 2435; x_wconf 90' lang='lat' dir='ltr'><strong>est:</strong></span> <span class='ocrx_word' id='word_1_124' title='bbox 1212 2391 1280 2435; x_wconf 87' lang='lat' dir='ltr'><strong>uno</strong></span> <span class='ocrx_word' id='word_1_125' title='bbox 1297 2375 1400 2457; x_wconf 88' lang='lat' dir='ltr'><strong>pacto</strong></span> 
     </span>
     <span class='ocr_line' id='line_1_17' title="bbox 256 2492 1399 2582; baseline 0.001 -23"><span class='ocrx_word' id='word_1_126' title='bbox 256 2493 515 2582; x_wconf 89' lang='lat' dir='ltr'><strong>incompletum,</strong></span> <span class='ocrx_word' id='word_1_127' title='bbox 527 2499 567 2560; x_wconf 91' lang='lat' dir='ltr'><strong>ut</strong></span> <span class='ocrx_word' id='word_1_128' title='bbox 583 2492 812 2581; x_wconf 83' lang='lat' dir='ltr'><strong>distinguitur</strong></span> <span class='ocrx_word' id='word_1_129' title='bbox 826 2500 946 2559; x_wconf 84' lang='lat' dir='ltr'><strong>contra</strong></span> <span class='ocrx_word' id='word_1_130' title='bbox 962 2493 1066 2559; x_wconf 89' lang='lat' dir='ltr'><strong>finem</strong></span> <span class='ocrx_word' id='word_1_131' title='bbox 1080 2493 1141 2580; x_wconf 90' lang='lat' dir='ltr'><strong>qui</strong></span> <span class='ocrx_word' id='word_1_132' title='bbox 1155 2500 1207 2560; x_wconf 86' lang='lat' dir='ltr'><strong>est</strong></span> <span class='ocrx_word' id='word_1_133' title='bbox 1218 2493 1399 2582; x_wconf 88' lang='lat' dir='ltr'><strong>perfecti0,</strong></span> 
     </span>
     <span class='ocr_line' id='line_1_18' title="bbox 257 2619 1400 2708; baseline 0.003 -22"><span class='ocrx_word' id='word_1_134' title='bbox 257 2619 385 2687; x_wconf 90' lang='lat' dir='ltr'><strong>dicitur</strong></span> <span class='ocrx_word' id='word_1_135' title='bbox 413 2619 590 2687; x_wconf 90' lang='lat' dir='ltr'><strong>infinitum</strong></span> <span class='ocrx_word' id='word_1_136' title='bbox 614 2620 713 2708; x_wconf 85' lang='lat' dir='ltr'><strong>qnasi</strong></span> <span class='ocrx_word' id='word_1_137' title='bbox 745 2642 816 2687; x_wconf 89' lang='lat' dir='ltr'><strong>non</strong></span> <span class='ocrx_word' id='word_1_138' title='bbox 843 2619 1000 2704; x_wconf 87' lang='lat' dir='ltr'><strong>finitum,</strong></span> <span class='ocrx_word' id='word_1_139' title='bbox 1024 2642 1095 2687; x_wconf 90' lang='lat' dir='ltr'><strong>non</strong></span> <span class='ocrx_word' id='word_1_140' title='bbox 1123 2629 1400 2689; x_wconf 89' lang='lat' dir='ltr'><strong>consummatum</strong></span> 
     </span>
     <span class='ocr_line' id='line_1_19' title="bbox 258 2745 1400 2835; baseline -0.001 -22"><span class='ocrx_word' id='word_1_141' title='bbox 258 2747 523 2835; x_wconf 86' lang='lat' dir='ltr'><strong>completumve;</strong></span> <span class='ocrx_word' id='word_1_142' title='bbox 542 2747 682 2813; x_wconf 89' lang='lat' dir='ltr'><strong>finitum</strong></span> <span class='ocrx_word' id='word_1_143' title='bbox 707 2768 789 2812; x_wconf 84' lang='lat' dir='ltr'><strong>vero</strong></span> <span class='ocrx_word' id='word_1_144' title='bbox 819 2745 918 2833; x_wconf 85' lang='lat' dir='ltr'><strong>quasi</strong></span> <span class='ocrx_word' id='word_1_145' title='bbox 941 2746 1163 2834; x_wconf 90' lang='lat' dir='ltr'><strong>completum,</strong></span> <span class='ocrx_word' id='word_1_146' title='bbox 1195 2754 1236 2812; x_wconf 91' lang='lat' dir='ltr'><strong>ut</strong></span> <span class='ocrx_word' id='word_1_147' title='bbox 1261 2747 1400 2813; x_wconf 90' lang='lat' dir='ltr'><strong>finitum</strong></span> 
     </span>
     <span class='ocr_line' id='line_1_20' title="bbox 256 2871 1400 2956; baseline 0.002 -20"><span class='ocrx_word' id='word_1_148' title='bbox 256 2871 402 2938; x_wconf 88' lang='lat' dir='ltr'><strong>dicimus</strong></span> <span class='ocrx_word' id='word_1_149' title='bbox 421 2872 549 2938; x_wconf 90' lang='lat' dir='ltr'><strong>librum</strong></span> <span class='ocrx_word' id='word_1_150' title='bbox 567 2874 624 2939; x_wconf 87' lang='lat' dir='ltr'><strong>vel</strong></span> <span class='ocrx_word' id='word_1_151' title='bbox 642 2872 796 2956; x_wconf 91' lang='lat' dir='ltr'><strong>domum,</strong></span> <span class='ocrx_word' id='word_1_152' title='bbox 817 2893 904 2956; x_wconf 89' lang='lat' dir='ltr'><strong>quae</strong></span> <span class='ocrx_word' id='word_1_153' title='bbox 923 2871 1084 2937; x_wconf 87' lang='lat' dir='ltr'><strong>omnibus</strong></span> <span class='ocrx_word' id='word_1_154' title='bbox 1103 2871 1174 2938; x_wconf 89' lang='lat' dir='ltr'><strong>suis</strong></span> <span class='ocrx_word' id='word_1_155' title='bbox 1193 2871 1345 2937; x_wconf 84' lang='lat' dir='ltr'><strong>numeris</strong></span> <span class='ocrx_word' id='word_1_156' title='bbox 1365 2880 1400 2938; x_wconf 92' lang='lat' dir='ltr'><strong>et</strong></span> 
     </span>
     <span class='ocr_line' id='line_1_21' title="bbox 188 2995 1400 3082; baseline 0.002 -23"><span class='ocrx_word' id='word_1_157' title='bbox 188 2995 233 3060; x_wconf 83' lang='lat'><strong>20</strong></span> <span class='ocrx_word' id='word_1_158' title='bbox 255 2996 414 3082; x_wconf 86' lang='lat' dir='ltr'><strong>partibus</strong></span> <span class='ocrx_word' id='word_1_159' title='bbox 429 3002 573 3062; x_wconf 89' lang='lat' dir='ltr'><strong>constat.</strong></span> <span class='ocrx_word' id='word_1_160' title='bbox 593 2996 745 3062; x_wconf 89' lang='lat' dir='ltr'><strong>Rursum</strong></span> <span class='ocrx_word' id='word_1_161' title='bbox 764 2995 941 3061; x_wconf 91' lang='lat' dir='ltr'><strong>infinitum</strong></span> <span class='ocrx_word' id='word_1_162' title='bbox 960 2995 1108 3061; x_wconf 88' lang='lat' dir='ltr'><strong>sumitur</strong></span> <span class='ocrx_word' id='word_1_163' title='bbox 1123 2995 1324 3082; x_wconf 87' lang='lat' dir='ltr'><strong>dupliciter:</strong></span> <span class='ocrx_word' id='word_1_164' title='bbox 1345 3019 1400 3061; x_wconf 92' lang='lat' dir='ltr'><strong>ne·</strong></span> 
     </span>
     <span class='ocr_line' id='line_1_22' title="bbox 253 3119 1397 3207; baseline 0 -21"><span class='ocrx_word' id='word_1_165' title='bbox 253 3121 382 3207; x_wconf 90' lang='lat' dir='ltr'><strong>gative,</strong></span> <span class='ocrx_word' id='word_1_166' title='bbox 404 3121 591 3187; x_wconf 90' lang='lat' dir='ltr'><strong>secundum</strong></span> <span class='ocrx_word' id='word_1_167' title='bbox 611 3143 715 3207; x_wconf 91' lang='lat' dir='ltr'><strong>quam</strong></span> <span class='ocrx_word' id='word_1_168' title='bbox 734 3120 906 3186; x_wconf 90' lang='lat' dir='ltr'><strong>rationem</strong></span> <span class='ocrx_word' id='word_1_169' title='bbox 918 3122 1031 3186; x_wconf 93' lang='lat' dir='ltr'><strong>Deum</strong></span> <span class='ocrx_word' id='word_1_170' title='bbox 1043 3119 1189 3186; x_wconf 90' lang='lat' dir='ltr'><strong>dicimus</strong></span> <span class='ocrx_word' id='word_1_171' title='bbox 1205 3120 1397 3206; x_wconf 90' lang='lat' dir='ltr'><strong>infinitum,</strong></span> 
     </span>
     <span class='ocr_line' id='line_1_23' title="bbox 255 3244 1399 3332; baseline 0 -22"><span class='ocrx_word' id='word_1_172' title='bbox 255 3245 336 3330; x_wconf 91' lang='lat' dir='ltr'><strong>quia</strong></span> <span class='ocrx_word' id='word_1_173' title='bbox 352 3244 431 3311; x_wconf 90' lang='lat' dir='ltr'><strong>finit</strong></span> <span class='ocrx_word' id='word_1_174' title='bbox 447 3246 563 3312; x_wconf 89' lang='lat' dir='ltr'><strong>omnia</strong></span> <span class='ocrx_word' id='word_1_175' title='bbox 574 3252 609 3312; x_wconf 90' lang='lat' dir='ltr'><strong>et</strong></span> <span class='ocrx_word' id='word_1_176' title='bbox 620 3246 709 3311; x_wconf 91' lang='lat' dir='ltr'><strong>nihil</strong></span> <span class='ocrx_word' id='word_1_177' title='bbox 725 3244 803 3310; x_wconf 89' lang='lat' dir='ltr'><strong>finit</strong></span> <span class='ocrx_word' id='word_1_178' title='bbox 822 3245 946 3332; x_wconf 87' lang='lat' dir='ltr'><strong>ipsum,</strong></span> <span class='ocrx_word' id='word_1_179' title='bbox 963 3244 1119 3311; x_wconf 89' lang='lat' dir='ltr'><strong>continet</strong></span> <span class='ocrx_word' id='word_1_180' title='bbox 1135 3245 1250 3310; x_wconf 85' lang='lat' dir='ltr'><strong>omnia</strong></span> <span class='ocrx_word' id='word_1_181' title='bbox 1261 3252 1296 3310; x_wconf 92' lang='lat' dir='ltr'><strong>et</strong></span> <span class='ocrx_word' id='word_1_182' title='bbox 1310 3245 1399 3310; x_wconf 90' lang='lat' dir='ltr'><strong>nihil</strong></span> 
     </span>
     <span class='ocr_line' id='line_1_24' title="bbox 256 3369 1398 3459; baseline 0.001 -25"><span class='ocrx_word' id='word_1_183' title='bbox 256 3370 412 3436; x_wconf 87' lang='lat' dir='ltr'><strong>continet</strong></span> <span class='ocrx_word' id='word_1_184' title='bbox 431 3370 561 3459; x_wconf 90' lang='lat' dir='ltr'><strong>ipsum,</strong></span> <span class='ocrx_word' id='word_1_185' title='bbox 582 3378 617 3437; x_wconf 86' lang='lat' dir='ltr'><strong>et</strong></span> <span class='ocrx_word' id='word_1_186' title='bbox 636 3392 706 3437; x_wconf 90' lang='lat' dir='ltr'><strong>non</strong></span> <span class='ocrx_word' id='word_1_187' title='bbox 722 3376 774 3435; x_wconf 91' lang='lat' dir='ltr'><strong>est</strong></span> <span class='ocrx_word' id='word_1_188' title='bbox 790 3376 911 3456; x_wconf 90' lang='lat' dir='ltr'><strong>aptum</strong></span> <span class='ocrx_word' id='word_1_189' title='bbox 925 3369 1032 3451; x_wconf 90' lang='lat' dir='ltr'><strong>finiri;</strong></span> <span class='ocrx_word' id='word_1_190' title='bbox 1047 3369 1116 3435; x_wconf 90' lang='lat' dir='ltr'><strong>alio</strong></span> <span class='ocrx_word' id='word_1_191' title='bbox 1132 3376 1233 3457; x_wconf 91' lang='lat' dir='ltr'><strong>pacto</strong></span> <span class='ocrx_word' id='word_1_192' title='bbox 1249 3370 1398 3436; x_wconf 87' lang='lat' dir='ltr'><strong>sumitur</strong></span> 
     </span>
     <span class='ocr_line' id='line_1_25' title="bbox 254 3493 1398 3581; baseline 0.001 -22"><span class='ocrx_word' id='word_1_193' title='bbox 254 3494 445 3581; x_wconf 86' lang='lat' dir='ltr'><strong>privative,</strong></span> <span class='ocrx_word' id='word_1_194' title='bbox 463 3494 552 3561; x_wconf 87' lang='lat' dir='ltr'><strong>sicut</strong></span> <span class='ocrx_word' id='word_1_195' title='bbox 572 3495 750 3561; x_wconf 91' lang='lat' dir='ltr'><strong>infinitum</strong></span> <span class='ocrx_word' id='word_1_196' title='bbox 765 3494 893 3560; x_wconf 89' lang='lat' dir='ltr'><strong>dicitur</strong></span> <span class='ocrx_word' id='word_1_197' title='bbox 911 3493 1003 3581; x_wconf 89' lang='lat' dir='ltr'><strong>quod</strong></span> <span class='ocrx_word' id='word_1_198' title='bbox 1018 3495 1164 3580; x_wconf 90' lang='lat' dir='ltr'><strong>requirit</strong></span> <span class='ocrx_word' id='word_1_199' title='bbox 1176 3495 1280 3561; x_wconf 89' lang='lat' dir='ltr'><strong>finem</strong></span> <span class='ocrx_word' id='word_1_200' title='bbox 1296 3518 1398 3580; x_wconf 91' lang='lat' dir='ltr'><strong>quem</strong></span> 
     </span>
     <span class='ocr_line' id='line_1_26' title="bbox 188 3618 1585 3706; baseline 0.009 -24"><span class='ocrx_word' id='word_1_201' title='bbox 188 3618 232 3682; x_wconf 80' lang='lat'><strong>25</strong></span> <span class='ocrx_word' id='word_1_202' title='bbox 255 3641 326 3684; x_wconf 90' lang='lat' dir='ltr'><strong>non</strong></span> <span class='ocrx_word' id='word_1_203' title='bbox 344 3619 458 3686; x_wconf 89' lang='lat' dir='ltr'><strong>habet.</strong></span> <span class='ocrx_word' id='word_1_204' title='bbox 476 3620 593 3687; x_wconf 91' lang='lat' dir='ltr'><strong>Primo</strong></span> <span class='ocrx_word' id='word_1_205' title='bbox 612 3619 714 3686; x_wconf 91' lang='lat' dir='ltr'><strong>modo</strong></span> <span class='ocrx_word' id='word_1_206' title='bbox 735 3620 739 3706; x_wconf 93' lang='grc' dir='ltr'>Ι</span> <span class='ocrx_word' id='word_1_207' title='bbox 760 3619 888 3686; x_wconf 87' lang='lat' dir='ltr'><strong>dicitur</strong></span> <span class='ocrx_word' id='word_1_208' title='bbox 906 3619 1082 3686; x_wconf 89' lang='lat' dir='ltr'><strong>infinitum</strong></span> <span class='ocrx_word' id='word_1_209' title='bbox 1103 3619 1201 3705; x_wconf 88' lang='lat' dir='ltr'><strong>quasi</strong></span> <span class='ocrx_word' id='word_1_210' title='bbox 1220 3618 1294 3685; x_wconf 87' lang='lat' dir='ltr'><strong>sine</strong></span> <span class='ocrx_word' id='word_1_211' title='bbox 1313 3620 1395 3705; x_wconf 89' lang='lat' dir='ltr'><strong>fine,</strong></span> <span class='ocrx_word' id='word_1_212' title='bbox 1420 3627 1529 3692; x_wconf 86' lang='lat'><strong>433</strong></span> <span class='ocrx_word' id='word_1_213' title='bbox 1543 3625 1585 3692; x_wconf 82' lang='lat' dir='ltr'><strong>G</strong></span> 
     </span>
     <span class='ocr_line' id='line_1_27' title="bbox 254 3744 953 3832; baseline -0.001 -21"><span class='ocrx_word' id='word_1_214' title='bbox 254 3745 403 3812; x_wconf 87' lang='lat' dir='ltr'><strong>secundo</strong></span> <span class='ocrx_word' id='word_1_215' title='bbox 422 3744 600 3812; x_wconf 91' lang='lat' dir='ltr'><strong>infinitum</strong></span> <span class='ocrx_word' id='word_1_216' title='bbox 620 3745 720 3832; x_wconf 90' lang='lat' dir='ltr'><strong>quasi</strong></span> <span class='ocrx_word' id='word_1_217' title='bbox 739 3767 857 3811; x_wconf 90' lang='lat' dir='ltr'><strong>carens</strong></span> <span class='ocrx_word' id='word_1_218' title='bbox 876 3745 953 3810; x_wconf 90' lang='lat' dir='ltr'><strong>fine.</strong></span> 
     </span>
    </p>
   </div>
   <div class='ocr_carea' id='block_1_5' title="bbox 253 3977 1550 4404">
    <p class='ocr_par' dir='ltr' id='par_1_9' title="bbox 253 3977 1550 4404">
     <span class='ocr_line' id='line_1_28' title="bbox 702 3977 1550 4056; baseline 0.005 -13"><span class='ocrx_word' id='word_1_219' title='bbox 702 3977 749 4043; x_wconf 90' lang='lat' dir='ltr'><strong>X.</strong></span> <span class='ocrx_word' id='word_1_220' title='bbox 769 3977 951 4056; x_wconf 74' lang='lat' dir='ltr'><strong>Qvnamss.</strong></span> <span class='ocrx_word' id='word_1_221' title='bbox 1422 3983 1550 4048; x_wconf 84' lang='grc' dir='ltr'><strong>15Μ</strong></span> 
     </span>
     <span class='ocr_line' id='line_1_29' title="bbox 343 4190 1395 4279; baseline -0.001 -22"><span class='ocrx_word' id='word_1_222' title='bbox 343 4191 500 4271; x_wconf 81' lang='lat' dir='ltr'><strong>Qualitas</strong></span> <span class='ocrx_word' id='word_1_223' title='bbox 528 4190 640 4279; x_wconf 90' lang='lat' dir='ltr'><strong>primo</strong></span> <span class='ocrx_word' id='word_1_224' title='bbox 668 4192 817 4258; x_wconf 89' lang='lat' dir='ltr'><strong>sumitur</strong></span> <span class='ocrx_word' id='word_1_225' title='bbox 845 4191 1041 4279; x_wconf 87' lang='lat' dir='ltr'><strong>dupliciter:</strong></span> <span class='ocrx_word' id='word_1_226' title='bbox 1071 4192 1127 4257; x_wconf 84' lang='lat' dir='ltr'><strong>vel</strong></span> <span class='ocrx_word' id='word_1_227' title='bbox 1154 4198 1194 4257; x_wconf 92' lang='lat' dir='ltr'><strong>ut</strong></span> <span class='ocrx_word' id='word_1_228' title='bbox 1220 4191 1395 4277; x_wconf 85' lang='lat' dir='ltr'><strong>significat</strong></span> 
     </span>
     <span class='ocr_line' id='line_1_30' title="bbox 253 4315 1393 4404; baseline 0 -22"><span class='ocrx_word' id='word_1_229' title='bbox 253 4316 423 4404; x_wconf 85' lang='lat' dir='ltr'><strong>quidlibet</strong></span> <span class='ocrx_word' id='word_1_230' title='bbox 446 4323 582 4404; x_wconf 88' lang='lat' dir='ltr'><strong>praeter</strong></span> <span class='ocrx_word' id='word_1_231' title='bbox 610 4315 856 4402; x_wconf 89' lang='lat' dir='ltr'><strong>substantiam,</strong></span> <span class='ocrx_word' id='word_1_232' title='bbox 880 4317 1068 4383; x_wconf 86' lang='lat' dir='ltr'><strong>secundum</strong></span> <span class='ocrx_word' id='word_1_233' title='bbox 1096 4338 1200 4404; x_wconf 89' lang='lat' dir='ltr'><strong>quam</strong></span> <span class='ocrx_word' id='word_1_234' title='bbox 1223 4315 1393 4402; x_wconf 74' lang='lat' dir='ltr'><strong>significa</strong></span> 
     </span>
    </p>
   </div>
   <div class='ocr_carea' id='block_1_6' title="bbox 345 4499 1233 4648">
    <p class='ocr_par' dir='ltr' id='par_1_10' title="bbox 345 4499 1233 4648">
     <span class='ocr_line' id='line_1_31' title="bbox 345 4499 1028 4568; baseline -0.004 -13"><span class='ocrx_word' id='word_1_235' title='bbox 345 4505 376 4555; x_wconf 87' lang='grc'><strong>17</strong></span> <span class='ocrx_word' id='word_1_236' title='bbox 393 4501 557 4568; x_wconf 78' lang='lat' dir='ltr'><strong>diciturque</strong></span> <span class='ocrx_word' id='word_1_237' title='bbox 572 4500 597 4552; x_wconf 80' lang='lat' dir='ltr'><em>G</em></span> <span class='ocrx_word' id='word_1_238' title='bbox 658 4499 691 4550; x_wconf 79' lang='lat'><strong>28</strong></span> <span class='ocrx_word' id='word_1_239' title='bbox 707 4505 806 4566; x_wconf 82' lang='lat' dir='ltr'><strong>aptum</strong></span> <span class='ocrx_word' id='word_1_240' title='bbox 821 4499 890 4551; x_wconf 79' lang='lat' dir='ltr'><strong>Mr:</strong></span> <span class='ocrx_word' id='word_1_241' title='bbox 902 4507 987 4568; x_wconf 77' lang='lat' dir='ltr'><strong>aptus</strong></span> <span class='ocrx_word' id='word_1_242' title='bbox 1003 4500 1028 4552; x_wconf 78' lang='lat' dir='ltr'><em>G</em></span> 
     </span>
     <span class='ocr_line' id='line_1_32' title="bbox 384 4595 1233 4648; baseline -0.002 -10"><span class='ocrx_word' id='word_1_243' title='bbox 384 4597 462 4638; x_wconf 76' lang='lat' dir='ltr'><strong>Bsum</strong></span> <span class='ocrx_word' id='word_1_244' title='bbox 479 4596 536 4648; x_wconf 74' lang='lat' dir='ltr'><strong>opp.</strong></span> <span class='ocrx_word' id='word_1_245' title='bbox 551 4596 592 4634; x_wconf 78' lang='lat' dir='ltr'><strong>lat.</strong></span> <span class='ocrx_word' id='word_1_246' title='bbox 608 4595 631 4648; x_wconf 93' lang='lat'><strong>1,</strong></span> <span class='ocrx_word' id='word_1_247' title='bbox 646 4595 666 4635; x_wconf 75' lang='lat' dir='ltr'><strong>t.</strong></span> <span class='ocrx_word' id='word_1_248' title='bbox 1219 4595 1233 4636; x_wconf 74' lang='lat' dir='ltr'><strong>t</strong></span> 
     </span>
    </p>
   </div>
   <div class='ocr_carea' id='block_1_7' title="bbox 0 0 1714 5190">
    <p class='ocr_par' dir='ltr' id='par_1_11' title="bbox 0 0 1714 5190">
     <span class='ocr_line' id='line_1_33' title="bbox 0 0 1714 5190; baseline 0 2"><span class='ocrx_word' id='word_1_249' title='bbox 0 0 1714 5190; x_wconf 95' lang='lat' dir='ltr'><strong> </strong></span> 
     </span>
    </p>
   </div>
  </div>
 </body>
</html>
