3420 5190
477 426 589 473 sunna
609 426 829 475 rusiuuonvu
848 427 1161 474 unrarursioonvn.
1348 415 1384 472 21

672 719 770 785 VIII.
789 719 959 785 Marsum.

334 954 481 1023 Materia
512 957 625 1044 primo
659 956 786 1047 duplex
819 965 880 1024 est.
916 959 1033 1024 Prima
1063 965 1098 1024 ct
1131 956 1300 1044 absoluta,
1332 983 1391 1026 seu

245 1083 359 1171 prima
386 1082 604 1170 simpliciter,
630 1106 718 1168 quae
745 1082 909 1149 definitur
933 1084 1147 1170 possibilitas
1175 1085 1323 1167 essendi,
1356 1093 1391 1151 et

245 1208 309 1275 hoo
332 1215 435 1296 pacto
460 1215 512 1274 cst
534 1208 572 1274 in
596 1208 756 1275 omnibus
784 1209 886 1275 rebus
919 1208 1193 1296 dependentibus
1227 1209 1271 1276 ab
1308 1209 1389 1294 alic,

200 1333 317 1401 bsive
345 1341 505 1400 aeternae
540 1334 612 1400 sint
644 1334 717 1401 sive
744 1341 993 1422 temporaneae.
1027 1327 1102 1413 Qua
1132 1334 1266 1401 ratione
1298 1336 1391 1400 solus

244 1460 338 1525 Deus
370 1465 422 1524 est
453 1458 692 1525 immaterialis
721 1466 756 1525 et
791 1459 957 1547 simplex,
987 1482 1111 1547 nempe
1144 1466 1240 1525 actus
1272 1483 1390 1546 purus,

245 1583 402 1651 Secunda
437 1590 614 1651 contracta
649 1592 684 1650 et
718 1584 754 1650 in
786 1608 912 1671 genere
943 1607 1060 1652 rerum
1093 1585 1321 1670 naturalium,
1356 1592 1391 1652 et

240 1709 327 1775 ‘haec
357 1710 395 1776 in
423 1733 485 1777 suo
518 1710 638 1776 ordine
666 1710 794 1799 duplex
824 1710 935 1777 adhuc
958 1718 1025 1776 cst:
1050 1710 1177 1798 prima,
1206 1733 1293 1796 quae
1314 1710 1319 1799 Ι
1340 1718 1391 1777 est
1415 1714 1580 1782 4296

243 1834 437 1902 subiectum
448 1835 639 1902 formarum
651 1835 945 1919 substantialium,
962 1858 1049 1921 quae
1068 1858 1162 1901 nunc
1180 1836 1305 1922 recipit
1324 1835 1391 1902 for-

178 1959 222 2023 10
244 1984 336 2027 mam
360 1960 524 2027 videlicet
541 1961 762 2046 nutrimenti,
783 1984 876 2026 nunc
895 1960 1048 2044 seminis,
1064 1983 1158 2026 nunc
1177 1961 1389 2048 embryonis,

244 2109 338 2152 nuno
355 2085 520 2170 bominis;
541 2094 576 2151 et
598 2086 743 2153 materia
766 2109 836 2152 non
855 2087 981 2175 prima,
1001 2110 1089 2173 quae
1113 2086 1301 2174 improprie
1320 2111 1389 2153 ma-

244 2211 332 2277 teria
352 2211 495 2295 dicitur,
515 2234 602 2297 quae
621 2218 673 2277 est
692 2212 884 2279 subiectum
901 2212 1090 2278 formarum
1113 2212 1388 2279 accidentalium.

245 2338 291 2403 Et
308 2336 393 2402 haec
411 2343 463 2403 est
481 2337 622 2424 duplex:
644 2337 712 2403 alia
731 2361 818 2424 quae
836 2338 977 2425 respicit
995 2338 1143 2404 formam
1158 2338 1336 2426 propriam
1355 2346 1390 2404 et

244 2462 519 2547 connaturalem,
544 2462 634 2529 siout
657 2463 725 2528 mel
749 2469 801 2529 est
820 2463 1015 2529 subiectum
1038 2487 1118 2530 suae
1142 2463 1333 2530 dulcedinis
1353 2469 1387 2530 et

178 2591 220 2657 15
244 2587 385 2673 coloris,
410 2587 479 2654 imo
505 2588 617 2675 magis
636 2611 726 2674 aqua
751 2588 943 2654 subiectum
967 2611 1048 2654 suae
1066 2589 1298 2672 humiditatis,
1318 2589 1388 2655 alia

244 2733 332 2798 quae
348 2712 489 2801 respicit
508 2712 656 2779 sormam
676 2714 968 2801 appropriabilcm
985 2722 1020 2780 et
1036 2714 1277 2797 adventitiam,
1298 2715 1389 2781 sicut

242 2840 379 2927 lignum
392 2848 444 2907 est
464 2840 469 2929 Ι
490 2841 682 2908 subiectum
698 2848 833 2908 statuae
844 2842 1017 2928 Mercurii,
1030 2842 1193 2928 imaginis
1208 2849 1242 2908 et
1253 2842 1386 2909 formae
1414 2845 1474 2908 10
1487 2848 1542 2910 Μ

243 2966 336 3032 Iovis
355 2965 412 3032 vel
435 2967 537 3033 vasis
550 2967 596 3032 Et
609 2967 699 3033 hanc
718 2967 951 3034 differentiam
967 2967 1108 3033 adducit
1122 2967 1332 3034 Themistius
1349 2969 1386 3033 in

242 3091 498 3180 Paraphrasi
519 3093 545 3158 I.
565 3092 734 3178 Physic,
754 3099 793 3158 ut
812 3094 992 3158 materiam
1009 3094 1220 3181 appellemus
1236 3094 1388 3180 primum

176 3225 220 3291 20
242 3217 451 3302 subiectum,
466 3218 659 3284 subiectum
670 3241 751 3285 vere
765 3219 975 3307 appellemus
990 3220 1216 3307 compositum
1229 3227 1388 3307 respectu

242 3343 476 3411 accidentium
500 3366 649 3410 suorum.
669 3344 815 3410 Materia
834 3344 917 3410 item
937 3344 1167 3432 distinguitur
1186 3346 1224 3411 in
1243 3369 1284 3411 ex
1304 3368 1387 3432 qua,

242 3468 332 3535 sicut
349 3492 391 3535 ex
406 3469 581 3558 lapidibus
600 3471 640 3535 fit
659 3469 792 3554 domus;
813 3471 959 3536 materia
978 3471 1015 3536 in
1035 3493 1116 3558 qua,
1136 3471 1226 3537 sicut
1245 3471 1283 3536 in
1303 3494 1391 3537 mar-

242 3617 335 3661 more
362 3594 399 3659 fit
426 3595 633 3681 Mercurius,
664 3595 726 3661 ubi
752 3596 964 3684 insculpitur
992 3597 1048 3662 vel
1070 3596 1245 3684 pingitur,
1270 3597 1325 3663 vel
1353 3597 1391 3662 in

243 3743 310 3806 qua
330 3728 382 3787 est
399 3721 537 3809 pictura
555 3722 611 3788 vel
630 3722 821 3809 sculptura,
832 3723 977 3788 materia
994 3723 1084 3788 circa
1095 3745 1199 3808 quam
1214 3729 1279 3806 est,
1300 3722 1390 3788 sicut

176 3850 219 3915 25
241 3845 377 3931 lignum
402 3854 558 3933 respectu
578 3846 669 3912 fabri
688 3846 844 3933 lignarii,
865 3847 995 3913 ferrum
1015 3847 1166 3932 ferrarii,
1187 3870 1308 3914 aurum
1329 3870 1390 3913 au·

243 3970 380 4055 rifabri;
400 3971 484 4037 item
509 3971 741 4039 mensurabile
764 3980 921 4060 respectu
945 3981 1153 4058 geometrae,
1175 3973 1390 4039 numerabile

243 4103 401 4185 respectu
430 4096 653 4183 arithmetici,
679 4106 713 4164 et
732 4098 872 4165 omnino
903 4121 1004 4165 omne
1024 4099 1108 4165 artis
1128 4100 1320 4165 subiectum
1340 4123 1390 4164 re·

243 4230 364 4310 spectu
390 4222 543 4288 artificis.
568 4222 663 4300 Quae
686 4223 847 4311 proprius
871 4225 1067 4312 appellatur
1086 4224 1272 4310 obiectum,
1297 4224 1389 4311 quod

337 4426 353 4476 9
369 4439 407 4488 sq.
421 4440 493 4491 quae
506 4423 609 4490 recipit
622 4425 756 4487 formam,
768 4423 903 4473 videlicet
915 4439 991 4475 nuno
1001 4425 1173 4476 nutrimenti
1190 4424 1213 4475 G
1277 4425 1308 4476 lt)
1324 4424 1389 4477 mn-

243 4505 355 4561 brionia
368 4504 427 4556 ΜΤ
484 4506 517 4555 28
532 4503 675 4573 proprius]
693 4505 785 4570 magia
800 4503 916 4570 proprio
933 4502 957 4555 G
