3420 5190
472 425 584 470 suune
605 425 825 472 rmumoavu
846 424 1160 470 unmrrrrsrcoavu.
1349 405 1388 466 47

241 578 379 667 quando
399 602 511 665 neque
534 580 688 666 aliquod,
706 579 798 665 quod
822 604 945 647 sanum
963 580 1074 668 possis
1098 580 1225 663 dicere,
1245 587 1312 662 est,
1332 603 1389 646 ne·

242 726 308 790 que
326 692 418 791 quod
435 725 590 790 aegrum,
610 727 734 792 nempe
754 705 891 791 quando
921 712 1096 772 mortuum
1115 712 1176 771 est.
1195 704 1387 771 Contrarie·

242 835 350 895 tatem
365 829 469 895 aliam
485 830 523 896 in
542 838 691 916 quatuor
710 831 868 897 terminis
888 836 893 916 t
913 832 1131 920 inspicimuS,
1149 831 1254 897 aliam
1269 832 1307 896 in
1326 831 1388 896 tri·
1412 826 1568 894 4510

242 956 322 1041 bus,
341 956 446 1022 auam
464 961 517 1041 (ur
536 955 667 1023 aarum
687 963 739 1022 aa
763 957 801 1022 in
824 957 902 1024 aua
922 931 1222 1042 censentanea
1246 957 1388 1023 duobus.

198 1083 220 1147 b
243 1081 400 1160 Quatuer
411 1081 554 1147 termini
566 1087 660 1166 sunt,
672 1081 762 1148 sicut
781 1082 842 1148 ubi
861 1082 1049 1169 accipimus
1061 1081 1093 1146 A
1107 1081 1271 1166 amicum,
1285 1081 1315 1146 B
1327 1080 1392 1146 ini·

242 1207 384 1292 micum,
404 1206 430 1271 Ο
453 1205 675 1293 benefacere,
695 1209 727 1272 D
751 1207 963 1274 malefacere.
988 1208 1056 1273 Hic
1079 1207 1117 1272 in
1140 1206 1254 1273 tribus
1277 1207 1392 1272 termi-

243 1333 312 1418 nis,
337 1332 427 1398 sicut
450 1331 573 1416 amici,
603 1331 751 1418 inimici,
775 1333 991 1418 benefacere,
1014 1332 1187 1399 contraria
1215 1354 1286 1398 non
1310 1338 1392 1398 sunt

242 1457 363 1524 amicis
382 1457 585 1524 benefacere
603 1463 637 1522 ct
657 1456 809 1526 inimicis
827 1458 1037 1525 benefacere.
1057 1457 1208 1524 Proinde
1227 1457 1298 1523 sint
1321 1464 1391 1524 tres

242 1582 398 1649 termini:
411 1582 625 1667 benefacere,
640 1582 851 1669 malefacere,
873 1584 1006 1667 amicis,
1020 1583 1194 1650 centraria
1211 1590 1292 1649 sunt
1307 1584 1390 1649 arni-

177 1715 220 1778 10
242 1708 291 1775 cis
309 1709 509 1775 benefacere
528 1716 562 1774 et
582 1708 702 1774 amicis
722 1708 933 1775 malefacere.
955 1708 1025 1777 Ubi
1043 1732 1125 1776 vero
1141 1717 1222 1775 sunt
1243 1716 1389 1795 quatuor

243 1834 399 1919 termini,
423 1840 463 1901 ut
486 1833 605 1917 amici,
624 1816 772 1918 inimici,
792 1833 1007 1919 benefacere,
1031 1833 1246 1918 malefacere,
1270 1833 1390 1900 amicis

245 1960 446 2026 benefacere
465 1965 501 2025 et
519 1959 670 2025 inimicis
690 1958 892 2025 malefacere
911 1967 993 2026 sunt
1015 1960 1205 2047 disparata,
1224 1983 1294 2026 non
1314 1982 1389 2024 con·

245 2084 367 2171 traria,
387 2084 547 2151 similiter
565 2090 601 2150 et
619 2083 770 2149 inimicis
786 2083 986 2150 benefacere
1005 2092 1040 2150 et
1055 2084 1175 2151 amicis
1191 2085 1293 2167 male;
1313 2106 1391 2150 cen·

245 2210 353 2276 traria
376 2232 457 2278 vere
486 2215 568 2277 sunt
591 2209 711 2276 amieis
741 2208 943 2276 benefacere
965 2216 1000 2276 et
1023 2209 1142 2275 amicis
1171 2209 1386 2292 malefacere,

179 2340 221 2404 15
244 2334 396 2401 inimicis
413 2334 633 2420 benelfacere
651 2342 686 2401 et
705 2335 856 2401 inimicis
879 2336 1090 2402 malefacere.
1115 2335 1220 2400 Ratio
1245 2357 1390 2420 querum
1415 2333 1485 2396 39
1498 2336 1553 2397 Μ

244 2459 531 2534 contrarietatum
551 2468 602 2526 est
625 2460 663 2525 in
686 2482 725 2526 eo
749 2460 978 2547 inspicienda,
1003 2482 1070 2547 quo
1094 2460 1286 2526 contrariae
1310 2467 1391 2525 sunt

246 2583 337 2651 circa
356 2583 448 2652 idem
467 2585 673 2670 subiectum,
694 2607 765 2651 non
783 2591 900 2652 autem
919 2585 1010 2652 circa
1029 2585 1165 2653 diversa
1181 2585 1345 2652 subiecta.

647 2843 780 2923 XXVJ.
811 2842 987 2908 Oarosrrn.

335 3091 505 3179 Opposita
534 3090 719 3178 dupliciter
747 3092 1024 3159 considerantur:
1049 3116 1118 3160 uno
1146 3101 1247 3181 praeto
1277 3117 1393 3160 secuu-

179 3218 225 3283 ‘20
246 3217 329 3284 dum
351 3217 523 3283 rationem
553 3216 762 3303 generalem,
783 3218 886 3284 etita
910 3220 973 3284 sub
1005 3220 1074 3285 illie
1094 3219 1284 3284 includitur
1303 3220 1392 3285 ratio

247 3348 396 3429 quatuor
414 3365 579 3430 generum
600 3342 842 3430 oppositioniS,
863 3352 897 3409 et
913 3345 1036 3411 titulus
1053 3345 1119 3411 iste
1138 3345 1240 3411 debet
1258 3369 1394 3432 praece·

247 3468 328 3533 dere
346 3467 489 3547 titulum
504 3466 730 3534 relativorum
749 3475 783 3534 et
801 3470 1068 3554 contrariorum,
1089 3472 1170 3557 quia
1194 3471 1338 3539 relativa
1358 3480 1392 3537 et

248 3593 422 3659 centraria
451 3615 521 3659 una
545 3616 623 3659 cum
642 3593 826 3681 privativis
857 3603 891 3660 et
922 3596 1199 3663 contradictoriis
1222 3604 1304 3662 sunt
1322 3621 1393 3684 spe·

248 3717 318 3784 cies
341 3717 583 3806 oppositionis;
608 3717 676 3784 alie
699 3725 801 3805 paeto
826 3720 974 3786 sumitur
997 3722 1172 3807 proprius,
1197 3729 1236 3787 ut
1260 3723 1394 3809 opposi-

181 3841 225 3905 ‘25
248 3841 379 3909 tionem
400 3842 630 3930 intelligimus
651 3865 783 3928 eorum,
807 3866 894 3929 quae
918 3868 960 3909 ex
984 3845 1127 3911 adverso
1147 3871 1183 3911 se
1202 3846 1392 3934 respiciunt

248 3966 337 4033 citra
356 3968 637 4034 contrarietatem
656 3974 691 4033 et
710 3968 926 4053 relationem,
946 3977 981 4035 et
1000 3971 1050 4035 ita
1070 3971 1242 4058 oppositio
1262 3979 1314 4038 est
1334 3973 1394 4037 tri-

247 4091 341 4179 plex,
359 4093 548 4181 privativa,
573 4093 842 4159 contradictoria
866 4101 900 4160 et
923 4096 1116 4180 regionalis.
1138 4097 1316 4162 Privative
1336 4120 1393 4184 op-

663 4251 766 4258 -——
775 4252 1070 4259 ——-—-——---—.
1079 4253 1281 4260 —-.-—---—
1290 4253 1386 4260 -----—

340 4331 356 4379 2
373 4342 474 4392 nempe
493 4327 531 4376 G:
551 4341 644 4392 neque
660 4326 719 4376 nl*
778 4331 793 4378 t}
810 4328 939 4392 termini,
960 4331 1125 4380 benefacere
1143 4331 1310 4380 malefacere
1324 4331 1393 4380 erni-

249 4406 290 4458 cis
313 4408 346 4459 T:
370 4407 503 4471 termini,
525 4407 706 4468 terrefacere,
732 4408 900 4459 uretefecere
920 4409 1020 4460 curicis
1042 4411 1096 4459 lm
1164 4413 1329 4475 loqueram
1355 4411 1390 4460 Y:

250 4504 348 4540 aarum
360 4487 419 4557 ΜΟ
483 4489 514 4540 16
530 4503 587 4554 quo
601 4486 669 4537 MT:
682 4488 759 4554 quod
774 4490 797 4539 G
860 4492 892 4540 24
908 4491 1041 4557 proprius
1055 4490 1121 4541 MT:
1136 4493 1224 4556 inagis
1238 4492 1353 4558 proprie
1369 4491 1392 4540 G
