3420 5190
572 452 753 497 arelauno
774 452 907 496 enrsrcr
928 453 1076 497 avorrvs
1340 435 1394 493 191

253 613 404 694 tempus,
418 615 479 671 aut
491 613 531 671 ut
547 606 714 692 quaedam
733 607 880 674 dicimus
892 632 963 673 esse
980 608 1017 673 in
1033 630 1185 673 numere.
1203 607 1313 692 Atqui
1326 628 1397 673 non

254 740 306 799 est
321 732 359 797 in
372 738 526 818 tempore
543 755 615 798 csse
630 732 767 817 quando
784 739 920 820 tempus
937 743 1007 818 est,
1021 733 1110 798 sicut
1122 755 1233 819 neque
1250 732 1288 796 in
1300 726 1397 798 motu

253 865 289 923 et
303 857 378 922 loco
398 855 536 943 quando
555 863 669 923 motus
688 865 741 924 est
757 864 861 944 atque
876 859 980 942 locus,
997 882 1041 923 ne
1056 858 1146 924 forta
1164 858 1229 923 hoc
1248 863 1349 944 pacto
1362 864 1396 922 et

254 983 386 1049 caelum
409 982 447 1047 in
471 981 567 1047 milio
591 1005 663 1048 esse
692 983 860 1067 dicamne,
880 984 961 1070 quia
991 992 1075 1050 tunc
1103 992 1155 1049 est
1180 982 1317 1069 quando
1337 982 1398 1048 rni-

211 1113 231 1177 5
254 1107 353 1193 lium,
373 1107 536 1173 similiter
554 1117 589 1175 et
607 1107 786 1193 quodlibet
804 1109 931 1175 existat
950 1109 987 1174 in
1005 1108 1169 1193 quolibet.
1181 1111 1211 1172 3.
1228 1108 1398 1186 Quoniam

254 1235 465 1321 intempore
485 1256 557 1300 esse
584 1240 636 1300 est
655 1233 745 1300 sicut
772 1233 809 1299 in
839 1256 982 1300 numero
1001 1257 1087 1315 esse,
1108 1256 1242 1322 semper
1260 1243 1397 1320 tempus

255 1359 365 1425 maius
381 1382 419 1425 eo
433 1359 525 1446 quod
544 1366 597 1425 est
615 1364 795 1446 acce-ptum
807 1359 874 1425 erit
886 1359 1058 1446 accipere;
1078 1359 1222 1445 ideoque
1241 1358 1290 1424 ita
1310 1380 1396 1443 quae

254 1485 392 1551 suntin
412 1488 417 1571 1
437 1492 591 1571 tempore
617 1507 637 1549 a
660 1490 813 1572 tempere
833 1484 1069 1567 continentur,
1089 1484 1179 1550 sicut
1205 1506 1292 1569 qnae
1316 1490 1399 1548 sunt
1423 1484 1516 1548 35ν

254 1612 292 1677 in
309 1611 384 1677 loco
408 1633 428 1675 a
457 1609 542 1675 loce.
561 1610 593 1674 4.
613 1609 668 1674 Ab
698 1609 764 1675 hac
782 1610 947 1697 temporis
967 1608 1270 1696 comprehensione
1295 1609 1335 1674 fit
1358 1615 1398 1673 ut

190 1748 232 1812 10
255 1736 423 1823 quaedam
436 1736 479 1801 ab
496 1759 535 1802 eo
553 1734 744 1822 patiantur,
764 1732 934 1820 quatenus
953 1741 1108 1822 tempore
1123 1732 1280 1800 tabefieri
1299 1740 1334 1798 et
1351 1756 1400 1798 se-

255 1884 394 1928 nascere
418 1860 584 1927 dicuntur
604 1868 638 1925 et
662 1859 854 1944 obliterari,
873 1881 944 1926 non
965 1870 1080 1927 autem
1095 1858 1255 1924 innovari
1274 1866 1309 1924 et
1327 1857 1402 1944 pul-

255 1986 428 2069 chrefieri,
450 1993 570 2086 utpote
591 1986 682 2073 quod
707 2008 809 2052 carisa
833 1985 944 2072 magis
963 1985 1101 2051 videtur
1120 2007 1192 2050 essa
1212 1983 1402 2070 corruptio-

256 2111 321 2177 nis
341 2113 371 2177 ὃ.
391 2112 485 2177 Hinc
503 2111 543 2176 fit
559 2118 599 2176 ut
618 2133 658 2176 ea
682 2134 770 2196 quaa
791 2100 924 2199 semper
950 2120 1049 2194 sunt,
1074 2118 1243 2196 quatenus
1267 2132 1400 2197 semper

255 2243 351 2322 sunt,
372 2237 409 2302 in
429 2245 583 2324 tempore
603 2259 674 2302 non
693 2259 766 2302 esse
785 2237 959 2322 dicantur,
982 2235 1259 2323 quandoquidem
1279 2259 1299 2301 a
1318 2242 1402 2301 tem·

191 2371 232 2436 15
254 2385 338 2450 pore
357 2362 542 2449 quicquam
558 2385 629 2428 non
639 2363 829 2450 patiantur.
844 2363 873 2427 6.
888 2363 1059 2440 Quoniam
1079 2371 1192 2428 motus
1204 2384 1400 2428 mensuram

256 2495 392 2576 tempus
422 2487 582 2572 dicimus,
603 2488 691 2553 nihil
710 2495 894 2576 propterea
924 2489 1039 2554 minus
1061 2487 1187 2574 quietis
1216 2487 1401 2553 affirmabi-

255 2636 331 2679 mus
346 2636 418 2679 esse
431 2635 642 2699 mensuram,
655 2613 737 2679 licet
756 2613 943 2679 secundum
956 2613 1130 2696 accidens3
1149 2613 1259 2678 omnis
1272 2611 1400 2678 etenim

257 2740 352 2826 quies
380 2748 432 2805 est
462 2740 499 2805 in
518 2752 685 2827 tempore,
706 2747 842 2827 praeter
873 2740 965 2805 enim
985 2739 1071 2805 illud
1094 2739 1185 2825 quod
1208 2747 1328 2826 aptum
1349 2745 1401 2805 est

256 2866 400 2949 moveri,
421 2866 510 2931 nihil
533 2866 708 2951 quiescere
738 2864 875 2930 dicitur.
897 2866 925 2930 7.
946 2864 1047 2941 Quod
1077 2873 1234 2932 movetur
1262 2887 1332 2929 non
1360 2870 1400 2930 ut

189 2998 233 3061 20
257 3000 425 3077 (plantum
446 2990 618 3077 quoddam
642 2998 694 3056 eat
717 2989 928 3076 intelligitur
951 3013 1023 3055 esse
1047 2996 1202 3078 tempore
1226 3012 1401 3056 mensura-

256 3117 337 3201 bile,
358 3116 418 3182 sed
436 3124 476 3183 ut
506 3122 621 3183 metus
652 3116 761 3203 ipsius
788 3112 939 3202 quantus
969 3123 1037 3198 est;
1057 3114 1149 3180 unde
1169 3137 1239 3180 non
1263 3115 1402 3180 intem·

255 3265 337 3329 pore
355 3250 437 3309 sunt
461 3248 585 3328 (neque
609 3241 738 3307 etenim
766 3248 921 3328 tempere
948 3246 1202 3323 mensurantur)
1222 3240 1282 3305 illa
1313 3264 1400 3325 quae

256 3391 326 3433 nen
348 3378 532 3433 moventur
551 3389 662 3453 neque
680 3367 871 3452 quiescunt.
891 3367 921 3430 8.
939 3364 1039 3443 Quod
1058 3374 1109 3430 est
1128 3366 1253 3432 falsum
1274 3373 1402 3451 (quem-

256 3493 439 3559 admodum
464 3492 671 3558 diametrum
696 3515 768 3558 esse
791 3497 906 3557 costae
924 3491 1242 3572 commensurabile)
1259 3514 1329 3555 non
1349 3497 1400 3556 est

189 3622 232 3685 25
257 3619 293 3684 in
312 3626 482 3704 tempora3
504 3618 615 3704 qualis
640 3617 732 3682 enim
758 3638 917 3683 mensura
937 3616 1027 3680 erit?
1046 3620 1075 3680 o.
1094 3615 1316 3681 Generabilia
1336 3616 1397 3702 igi-

257 3754 314 3810 tur
341 3753 375 3809 et
403 3744 642 3831 corruptibilia
667 3743 804 3829 (quibus
823 3750 959 3828 tempus
983 3741 1093 3807 maius
1113 3749 1178 3825 est,
1199 3752 1232 3805 et
1252 3764 1397 3826 qnorum

256 3893 328 3935 esse
348 3870 493 3952 excedit)
513 3869 652 3956 proprie
676 3868 713 3932 in
737 3876 892 3954 tempore
915 3891 987 3933 esse
1011 3867 1181 3932 dieantur.
1210 3871 1258 3931 lo.
1279 3867 1398 3953 Ipsum

259 4018 348 4061 nunc
367 3995 532 4081 temporis
552 3993 767 4060 continuatio
785 4002 851 4072 est,
870 3998 990 4079 utpote
1009 3992 1187 4078 praeteriti
1208 3991 1286 4057 finis
1305 3992 1399 4057 futu-

257 4122 354 4207 rique
368 4121 591 4208 principium,
603 4119 666 4185 hor¹
682 4120 786 4184 etiam
803 4124 990 4204 {quatenus
1003 4119 1149 4207 copulat,
1163 4142 1296 4206 semper
1307 4119 1398 4184 idem
1424 4123 1512 4184 36‘

191 4248 238 4310 30
260 4255 324 4329 est,
345 4254 514 4332 quatenus
533 4267 614 4312 vero
634 4245 775 4328 dividit,
796 4267 930 4331 semper
949 4244 1095 4309 alterum
1117 4253 1168 4309 est
1192 4253 1295 4330 atque
1315 4245 1397 4310 alte-

265 4424 429 4432 ...ω--
446 4423 524 4430 .-..-.
530 4422 672 4429 -—---
682 4422 726 4428 -..-
749 4423 755 4426 >
766 4420 1022 4428 ——-——--—..
1031 4422 1137 4429 ......--—.
1150 4422 1252 4429 -——·-—-
1259 4423 1318 4429 --..
1327 4424 1330 4428 .
1338 4424 1359 4429 -..
1369 4423 1394 4431 —

348 4519 417 4584 4³11.
435 4517 524 4568 millio
539 4534 551 4566 e
566 4517 685 4568 millium
749 4517 781 4567 2?
798 4515 929 4567 axcaedrt
