3420 5190
472 448 585 493 svnua
605 447 824 495 renumeravit
843 446 1155 493 rrurarsrsmonvu.
1345 430 1384 489 39

242 604 368 671 ficium.
392 604 456 671 Vel
479 604 655 670 actionum
681 604 769 670 aliae
799 609 880 670 sunt
907 604 998 687 finis,
1031 603 1120 669 sicut
1141 604 1146 689 Ι
1166 608 1385 668 enumeratae
1409 611 1549 676 30M

245 730 475 817 voluptariam
495 728 583 795 aliae
602 735 684 795 sunt
702 729 881 814 adfinem,
901 728 991 794 sicut
1004 728 1194 794 ambulatio
1214 750 1274 794 seu
1292 750 1387 816 pere·

245 855 412 944 grinatio,
434 877 521 943 quae
540 860 592 922 est
611 855 655 921 ad
672 853 925 921 habitationem
944 861 979 920 et
998 854 1158 941 quietem.

668 1188 804 1256 XVIII.
832 1188 967 1255 Passm.

202 1462 223 1527 5
337 1463 456 1530 Passio
476 1464 625 1531 sumitur
636 1464 750 1551 primo
766 1465 1002 1551 grammatice,
1020 1466 1118 1531 iuxta
1136 1465 1307 1531 rationem
1320 1486 1388 1551 qua
1425 1438 1434 1449 '

244 1588 433 1656 secundum
451 1611 570 1656 vocem
582 1590 758 1678 passivum
771 1589 899 1656 dicitur
916 1590 1061 1657 verbum
1070 1592 1126 1658 vel
1143 1612 1283 1673 nomen;
1297 1590 1389 1656 unde

242 1714 462 1802 grammatici
478 1736 610 1780 amare
626 1716 803 1802 appellant
818 1715 962 1783 verbum
978 1715 1145 1800 activum,
1162 1715 1289 1780 amari
1307 1737 1388 1781 vero

242 1840 432 1929 passivum,
453 1863 531 1906 cum
550 1839 736 1906 secundum
756 1840 807 1906 rei
832 1841 1015 1907 veritatem
1034 1840 1165 1907 amari
1184 1840 1229 1906 sit
1251 1840 1328 1928 pati
1354 1845 1389 1906 et

243 1965 387 2048 moveri,
407 1987 541 2031 amare
561 1964 607 2030 sit
625 1987 727 2051 agere
745 1970 780 2030 et
799 1986 945 2032 movere.

180 2082 223 2147 10
334 2090 453 2157 Passio
464 2112 600 2156 rursum
615 2089 790 2176 significat
800 2111 936 2156 omnem
950 2091 1199 2179 receptionem,
1213 2089 1305 2156 unde
1315 2112 1391 2178 pas·
1454 2172 1455 2175 Ἴ

245 2215 358 2283 siones
377 2215 598 2303 appellantur
622 2215 736 2280 omnia
762 2214 953 2282 accidentia
972 2221 1007 2281 et
1031 2237 1254 2300 quaecunque
1273 2215 1390 2300 aliquo

245 2347 349 2428 pacto
372 2338 529 2406 afficiunt
552 2340 758 2424 subiectum,
779 2339 870 2406 unde
889 2339 1055 2426 quioquid
1074 2361 1144 2405 non
1163 2345 1215 2405 est
1234 2339 1391 2406 substan·

244 2464 295 2531 tia
312 2465 441 2531 dicitur
458 2464 572 2552 passio
597 2463 704 2549 illius,
729 2465 917 2532 secundum
937 2487 1038 2551 quom
1062 2464 1201 2531 modum
1224 2463 1392 2530 Aristote-

245 2589 294 2656 les
322 2590 407 2656 dicit
436 2589 463 2655 Ι.
491 2589 828 2657 Perihermenias
851 2613 951 2659 voces
970 2613 1042 2657 esse
1061 2590 1163 2677 signa
1181 2611 1299 2656 earum
1317 2611 1392 2677 pas·

181 2706 222 2774 15
245 2714 381 2781 sionum
402 2737 489 2801 quae
508 2715 646 2781 suntin
670 2722 794 2782 mente.

335 2841 453 2908 Tertio
476 2841 590 2930 passio
615 2840 742 2908 dicitur
767 2862 867 2908 omne
889 2841 977 2908 illud
1000 2840 1092 2928 quod
1116 2835 1222 2906 afficit
1253 2863 1392 2908 sensum

248 2968 305 3034 vel
334 2967 566 3052 intellectum,
601 2968 674 3034 sive
703 2969 940 3056 corruptivum
968 2968 1014 3034 sit
1043 2968 1117 3037 sive
1146 2967 1392 3055 perfectivum,

250 3092 323 3160 sive
342 3093 430 3159 bene
449 3092 522 3159 sive
541 3093 630 3159 male
648 3093 814 3179 afficiens,
831 3093 921 3160 unde
936 3093 1113 3182 passiones
1133 3099 1214 3159 sunt
1230 3092 1393 3178 laetitiae,

249 3217 411 3302 tristitia,
431 3239 578 3304 amores,
597 3217 689 3302 odia,
710 3242 799 3306 spes,
820 3218 1013 3306 desperatio
1033 3224 1096 3284 etc.

181 3345 226 3408 20
337 3341 471 3411 Ultimo
490 3342 604 3431 passio
624 3342 751 3409 dicitur
770 3343 908 3430 vulgari
926 3350 960 3410 et
976 3343 1205 3429 frequentiori
1222 3341 1395 3429 significa·

248 3467 357 3552 tione,
387 3489 473 3555 quae
504 3490 582 3534 oum
606 3467 840 3534 destructione
867 3469 922 3535 vel
942 3469 1148 3535 alteratione
1171 3468 1318 3534 subiecti
1340 3467 1394 3533 in-

250 3591 444 3678 commoda,
468 3615 592 3679 nempe
611 3599 731 3658 contra
750 3592 844 3659 illius
863 3593 1071 3681 appetitum,
1092 3596 1097 3679 Ι
1119 3592 1248 3678 evenit,
1268 3599 1308 3658 ut
1327 3592 1392 3679 uri,
1420 3584 1529 3649 445
1544 3581 1586 3649 G

250 3715 371 3804 affligi,
392 3718 559 3804 torqueri,
579 3717 729 3802 tristari,
749 3718 864 3784 dolere
882 3724 917 3784 et
935 3717 1071 3784 similia.

339 3842 458 3909 Passio
477 3865 614 3910 rursum
637 3842 822 3930 dupliciter
845 3843 1027 3930 accipitur:
1047 3864 1116 3909 uno
1136 3849 1238 3930 pacto
1261 3841 1395 3909 absolu·

185 3965 228 4032 25
253 3974 302 4052 te,
322 3974 356 4034 et
376 3968 425 4034 sic
448 3974 501 4034 est
524 3967 561 4034 in
588 3990 714 4054 genere
740 3968 933 4053 qualitatiS,
955 3990 1078 4056 nempe
1103 3968 1201 4034 iuxta
1223 3968 1395 4034 rationem

252 4115 320 4179 qua
339 4092 481 4179 aliquod
497 4092 603 4159 afficit
623 4093 830 4177 subiectum,
851 4099 1017 4180 tanquam
1036 4092 1166 4182 forlma
1185 4098 1219 4159 et
1238 4091 1396 4158 accidens
1421 4100 1482 4163 31
1495 4097 1549 4163 M

251 4218 360 4302 illius;
380 4218 449 4285 alio
467 4225 569 4307 pacto
588 4218 747 4303 relative,
767 4225 808 4284 ut
826 4226 878 4284 est
897 4225 994 4285 actus
1013 4218 1179 4305 patientis
1195 4218 1239 4285 ab
1259 4223 1396 4304 agente,

346 4413 429 4466 lVol
443 4412 510 4463 MT:
529 4413 643 4464 Rursus
667 4412 691 4463 G
755 4416 825 4462 sunt
846 4416 914 4462 sunt
938 4412 963 4462 T
1020 4413 1071 4462 8.9
1087 4410 1304 4462 amori-amara
1324 4411 1395 4462 Mu:

251 4493 468 4547 amaro-ornari
490 4493 514 4544 l·
573 4490 681 4561 Ι14περὶ
704 4489 891 4562 {paq-reim}
962 4493 993 4543 18
1010 4492 1166 4544 laetitiaG
1237 4493 1268 4543 19
1284 4491 1349 4544 odio
1368 4491 1398 4543 Μ
