3420 5190
495 415 608 459 SVMMA
628 414 847 460 Timalinouvn
868 414 1183 460 nurnrursrcouvn.
1369 399 1407 458 87

269 571 355 636 lium
382 570 583 659 diuersitate
606 580 641 637 et
661 571 667 656 Ι
687 580 889 638 ornamento
914 571 1105 638 constituit.
1126 571 1192 636 Per
1220 570 1313 636 huno
1332 593 1413 636 eun-
1437 571 1574 635 84M

269 696 347 761 dem
358 695 514 761 ordinem
525 695 568 761 ad
580 695 673 761 illius
687 698 1014 783 contemplationem
1024 697 1257 784 pervenimus;
1269 704 1317 780 ut,
1331 697 1411 783 quia

271 822 308 888 in
326 822 446 887 ordine
464 821 642 908 potentiae
656 830 708 888 est
726 822 1018 909 potentissimum,
1040 823 1077 887 in
1093 822 1259 909 gradibus
1279 822 1412 909 sapien·

272 947 342 1013 tiae
374 946 681 1033 sapientissimum,
719 947 756 1012 in
794 948 880 1013 serie
915 948 1185 1035 pulchritudinis
1222 949 1412 1035 pulcherri-

227 1081 248 1145 5
272 1095 379 1155 mum,
405 1072 596 1139 maiestatis
628 1073 817 1139 maximum
836 1082 871 1139 et
890 1074 1073 1161 optimum,
1094 1097 1165 1139 non
1188 1083 1241 1140 est
1267 1074 1411 1140 dubium

270 1196 458 1283 unicuique
475 1198 590 1264 ordini
608 1199 844 1286 praepositum
868 1222 939 1265 esse
955 1222 1079 1282 unum,
1099 1208 1134 1267 et
1154 1222 1257 1287 super
1276 1201 1414 1266 univer-

271 1344 387 1389 sorum
406 1346 543 1389 omnem
562 1323 718 1389 ordinem
734 1324 914 1389 monadem
934 1325 1037 1390 istam
1051 1324 1311 1412 ordinatricem,
1324 1349 1411 1412 quae

272 1471 349 1514 cum
369 1449 515 1536 simplex
533 1462 568 1515 et
586 1449 753 1515 unissima
769 1450 828 1532 sit,
839 1449 876 1514 in
889 1472 924 1515 se
940 1450 1015 1537 ipsa
1032 1449 1187 1515 ordinem
1203 1451 1337 1516 nullum
1354 1451 1412 1517 ad·

273 1575 384 1641 mittit
394 1575 466 1660 (qui
483 1575 576 1641 enim
591 1574 707 1642 fatuus
724 1575 879 1641 ordinem
895 1576 967 1641 illio
982 1576 1164 1662 intelliget,
1175 1577 1235 1642 ubi
1252 1577 1348 1643 nulla
1361 1587 1413 1644 est

209 1706 250 1770 10
272 1701 451 1767 distinctio
468 1702 651 1787 nullusque
672 1703 675 1791 l
696 1702 902 1785 numerusll,
918 1702 977 1767 sed
1000 1710 1052 1769 est
1076 1702 1150 1788 ipsa
1174 1703 1290 1769 unitas
1314 1726 1416 1790 super
1440 1701 1550 1764 484
1563 1699 1605 1766 G

274 1849 410 1892 omnem
432 1828 706 1914 multitudinem,
726 1828 944 1912 varietatem,
961 1827 1221 1895 distinctionem
1246 1829 1413 1897 absoluta.

496 2080 617 2145 XXX.
638 2079 777 2146 XXXI.
802 2081 907 2147 Parus
931 2101 972 2146 nr
995 2081 1193 2146 Possumus,

363 2330 443 2415 lpso
462 2329 551 2394 nihil
567 2329 677 2416 prius,
697 2330 777 2415 quia
808 2338 860 2396 est
889 2329 1101 2416 principium
1132 2353 1233 2416 super
1264 2353 1365 2396 omno
1381 2341 1416 2398 et

275 2466 355 2521 ante
366 2478 466 2521 omno
479 2455 703 2542 principium3
722 2455 796 2542 ipso
808 2455 893 2520 nihil
906 2455 1089 2542 posteriue,
1109 2456 1190 2541 quia
1203 2455 1298 2520 nullo
1314 2466 1416 2542 pacto

211 2585 253 2650 15
278 2580 321 2645 ad
340 2580 434 2646 aliud
453 2581 586 2663 finitur,
606 2604 717 2665 neque
736 2590 903 2666 tanquam
919 2580 1117 2647 ordinatum
1141 2581 1184 2646 ad
1208 2581 1322 2667 ipsum
1343 2591 1417 2648 tan-

276 2728 379 2790 quam
413 2707 517 2784 finem
551 2705 786 2794 perfectionis,
823 2728 933 2790 neque
972 2715 1140 2793 tanquam
1179 2706 1337 2774 desinens
1378 2709 1416 2774 in

275 2831 389 2918 ipsum
417 2839 583 2917 tanquam
606 2832 644 2897 in
673 2833 777 2898 finem
799 2832 1104 2898 consummationis
1127 2833 1182 2898 vel
1207 2832 1414 2917 durationis,

276 2957 335 3023 sed
350 2957 424 3044 ipse
447 2966 499 3023 est
519 2957 594 3044 ipsa
613 2958 805 3044 optimitaS,
825 2981 912 3043 quae
931 2982 1031 3024 omno
1042 2958 1172 3024 bonum
1182 2960 1362 3043 terminat,
1381 2969 1416 3026 et

277 3107 344 3168 qua
364 3083 534 3169 optimum
554 3106 655 3149 omne
674 3084 711 3149 in
729 3106 936 3170 unoquoque
954 3107 1079 3171 genere
1096 3093 1148 3150 est
1167 3085 1355 3171 optimum,
1381 3097 1416 3154 et

210 3213 255 3275 ‘20
277 3209 465 3276 seeundum
494 3232 598 3295 quam
627 3219 678 3276 est
706 3233 814 3275 unum
842 3210 1013 3297 optimum
1043 3233 1145 3296 stipor
1172 3233 1273 3276 omno
1291 3235 1415 3298 genus,

278 3334 369 3421 quod
388 3335 479 3400 idem
493 3346 546 3401 est
565 3336 640 3422 ipsa
659 3335 846 3422 optimitas.
871 3335 1025 3421 Cumque
1044 3336 1090 3402 sit
1113 3336 1189 3423 ipsa
1213 3339 1416 3422 aeternitas,

278 3459 426 3527 includit
442 3469 477 3526 ot
499 3461 664 3527 terminat
688 3482 823 3527 omnem
842 3461 1035 3528 durationis
1055 3461 1288 3528 differentiam
1312 3473 1416 3549 atquo

278 3586 455 3673 temporis,
485 3586 563 3653 finit
597 3608 734 3652 omnem
768 3586 923 3652 omnium
955 3587 1235 3653 transitoriorum
1264 3586 1416 3653 duratio-

278 3735 358 3777 nem
378 3735 448 3778 non
470 3712 603 3796 finitum
621 3736 660 3777 ea
680 3712 765 3778 item
784 3735 870 3799 quae
891 3723 1028 3778 aeterne
1047 3713 1188 3796 durant,
1210 3717 1214 3799 Ι
1235 3712 1344 3799 ipsius
1364 3737 1418 3779 ao·
1444 3719 1515 3782 85
1528 3719 1583 3781 Μ

213 3852 256 3918 25
279 3839 444 3905 ternitate
463 3838 599 3904 durant.
619 3838 698 3904 Non
714 3861 796 3924 ergo
815 3837 919 3904 habet
938 3838 1149 3924 principium
1165 3860 1276 3924 noque
1295 3838 1415 3924 finem,

280 3964 339 4030 sod
358 3965 430 4052 ipso
450 3973 501 4031 est
518 3965 592 4028 sine
608 3964 779 4052 principio
799 3975 902 4049 atque
922 3963 989 4028 fine
1010 3963 1150 4028 unicum
1169 3972 1203 4029 et
1219 3964 1413 4029 universale

280 4091 491 4178 principium
511 4102 615 4177 atque
634 4091 727 4176 finis,
747 4101 782 4157 et
801 4099 1049 4175 consequenter
1064 4090 1215 4176 primum
1235 4099 1269 4156 et
1288 4100 1421 4177 postre-

281 4240 374 4282 mum
394 4217 561 4296 omnium,
584 4239 650 4301 quo
670 4215 757 4280 nihil
777 4215 872 4302 prius
897 4238 1006 4300 noque
1027 4215 1206 4301 posterius.

374 4416 495 4467 auen:
511 4433 576 4467 nam
596 4418 618 4463 (1
694 4417 781 4470 adn>
799 4415 960 4465 maiestatis
981 4413 1129 4466 <seriam
1205 4413 1419 4476 dintalligitll

281 4501 311 4550 16
328 4500 387 4556 (ad)
398 4500 483 4550 finem
495 4500 518 4550 (ι’
580 4498 610 4548 21
628 4498 755 4564 Cumque
769 4496 811 4546 ll:
828 4499 978 4562 Quumque
994 4497 1018 4546 (l
