3420 5190
576 434 755 480 FiGVBATlO
777 436 907 479 Piirsrci
929 435 1078 480 AVDITVS.
1336 420 1393 479 169

251 611 385 676 semper
408 591 474 655 erit
495 590 737 678 compositum,
756 593 868 678 quale,
886 591 958 658 sive
977 593 1129 659 eiusdem
1153 593 1224 658 sive
1240 594 1394 658 diversae

252 715 398 782 rationis
421 717 578 803 partibus
606 725 751 800 constet,
780 718 992 805 impossibile
1021 726 1072 784 est
1101 720 1192 803 quod
1221 719 1395 784 infinitam

253 843 416 908 admittat
436 843 678 929 quantitatem,
700 844 848 928 quamsi
871 844 1001 931 alioqui
1019 845 1260 911 mathematice
1280 847 1395 934 capias

251 970 308 1033 vel
339 969 588 1055 metaphysica,
618 970 688 1054 hic,
712 970 774 1035 ubi
796 970 838 1035 de
866 971 1083 1037 naturalibus
1107 972 1394 1058 sensibilibusque

209 1094 229 1158 b
253 1093 446 1178 considero,
464 1116 535 1160 non
551 1095 690 1181 urgebo

745 1439 820 1485 ΛΒΤ.
847 1441 892 1486 1v.

544 1563 594 1604 Non
609 1575 659 1603 esse
673 1564 787 1604 inlinitum
801 1565 825 1605 in
840 1567 985 1606 sensibilibus
996 1568 1101 1616 positum.

341 1835 396 1899 Ad
416 1856 474 1900 eos
498 1840 612 1900 autem
634 1836 693 1921 qui
713 1835 888 1901 infinitum
908 1832 1185 1902 insensibilibus
1209 1839 1397 1922 collocant,l

251 1959 364 2045 primo
383 1967 465 2025 sunt
484 1959 635 2026 rationes
654 1960 800 2047 logicae:
815 1963 843 2025 1.
858 1961 937 2047 quia
957 1961 1197 2047 magnitudine
1221 1964 1396 2030 infinitum

188 2086 231 2149 10
254 2085 425 2171 quomodo
445 2109 517 2151 esse
535 2093 664 2173 potest,
686 2109 763 2151 oum
780 2108 879 2152 omne
897 2087 1058 2152 sensibile
1075 2110 1198 2174 corpus
1217 2088 1397 2175 superficie

252 2210 477 2276 terminatum
501 2212 546 2277 sit
570 2218 674 2298 atque
696 2210 870 2277 locatum?
890 2215 920 2276 2.
941 2212 1022 2298 quia
1040 2213 1209 2298 quomodo
1229 2213 1295 2278 erit
1315 2214 1399 2278 mul·

254 2334 405 2400 titudine
424 2336 621 2420 infinitum,
642 2360 720 2403 cum
739 2360 920 2403 numerum
940 2361 1008 2403 non
1036 2345 1076 2403 ut
1108 2338 1397 2404 innumerabilem

253 2484 385 2526 sumere
405 2465 586 2548 oporteat?
611 2462 768 2528 Secundo
787 2463 897 2548 magis
916 2463 1078 2550 physicae
1097 2470 1217 2529 extant
1236 2463 1396 2528 rationes

187 2630 190 2635 -
253 2587 371 2652 Prima
390 2587 471 2672 quia
490 2588 519 2652 si
538 2588 584 2653 sit
610 2594 690 2654 actu
719 2610 842 2676 eorpus
860 2588 1056 2673 infinitum,
1076 2596 1137 2654 aut
1164 2589 1311 2676 simplex
1333 2589 1399 2655 erit

189 2710 230 2774 15
253 2720 314 2779 ant
337 2714 574 2801 compositum.
594 2714 705 2800 Atqui
729 2716 957 2802 compositum
976 2737 1046 2780 non
1065 2721 1130 2797 cst;
1151 2737 1219 2781 uon
1240 2716 1332 2781 enim
1356 2738 1399 2780 ex

253 2840 362 2905 finitis
381 2848 605 2928 componetur
633 2846 727 2923 (nam
751 2840 918 2927 quomodo
939 2841 1178 2926 magnitudine
1197 2841 1305 2907 finitis
1323 2863 1400 2928 par·

254 2965 348 3031 tibus
367 2965 538 3031 constabit
548 2968 586 3050 1³),
606 2989 669 3031 nec
687 2974 820 3053 partem
839 2966 991 3052 aliquam
1007 2966 1132 3031 habere
1144 2967 1272 3053 poterit
1286 2966 1399 3031 infini-

255 3099 340 3173 tam,
362 3092 531 3179 siqnidem
549 3093 604 3157 vel
621 3091 681 3157 illa
699 3099 812 3157 totum
829 3091 1023 3178 occupabit,
1043 3091 1102 3156 vel
1119 3091 1148 3156 si
1163 3092 1276 3158 locum
1296 3091 1397 3157 alteri
1426 3174 1430 3181 Ι

256 3217 464 3299 concederet,
481 3217 595 3304 ipsum
611 3225 728 3282 tamen
746 3217 775 3281 si
788 3216 834 3282 sit
846 3217 1057 3282 contrarium
1070 3217 1223 3282 destruet
1234 3223 1268 3282 ct
1285 3217 1400 3282 absor-

189 3337 233 3400 20
255 3341 360 3423 bebit,
373 3342 661 3427 quemadmodum
677 3342 834 3407 infinitae
850 3341 975 3407 virtuti
994 3342 1106 3407 virtus
1122 3364 1193 3407 non
1210 3348 1399 3407 contrasta-

211 3510 215 3517 ·
255 3466 309 3531 bit
328 3466 474 3533 infinita.
493 3468 596 3533 Haud
612 3467 704 3532 enim
723 3467 845 3533 evades
864 3468 997 3553 fingens
1021 3466 1198 3531 infinitum
1222 3465 1399 3531 debilioris

256 3615 328 3657 essc-
351 3593 505 3676 virtutis,
526 3593 586 3658 ubi
610 3592 842 3680 multiplicata
861 3591 1084 3680 proportione
1107 3591 1284 3656 infinitum
1307 3589 1401 3654 finiti

257 3720 423 3784 virtutem
446 3741 514 3783 non
541 3718 641 3784 modo
661 3718 879 3804 exaequabit,
901 3718 960 3784 sed
983 3723 1017 3782 et
1041 3716 1177 3783 residuo
1204 3714 1294 3801 quod
1314 3738 1400 3780 scm·

257 3867 321 3932 per
342 3853 394 3911 cst
412 3845 566 3932 accipere
585 3844 771 3932 superabit.
791 3844 911 3931 Neque
929 3844 1033 3909 eiiam
1058 3867 1126 3909 non
1146 3842 1276 3907 i‘rnsira
1288 3865 1307 3905 a
1320 3863 1402 3925 ‹pm-

191 3964 235 4026 25
258 3971 418 4037 litatibus
441 3972 687 4036 clementorum
706 3969 847 4035 finxeris
871 3969 1081 4051 absolutum,
1103 3990 1169 4054 qno
1177 3973 1183 4056 ξ
1191 3967 1291 4032 modo
1311 3966 1404 4030 enim
1429 3967 1509 4029 21⁹

258 4099 325 4162 orit
343 4097 567 4185 principium,
585 4098 614 4161 si
633 4096 719 4161 iliud
739 4096 874 4161 nonsit
893 4095 929 4160 in
951 4095 1041 4181 quod
1060 4118 1099 4159 ea
1119 4101 1302 4180 quaesunt
1322 4115 1403 4156 con·

258 4223 340 4288 flata
357 4223 573 4287 resolvantur
585 4222 600 4286 i
612 4221 866 4306 Qnalecumque
882 4221 928 4285 sit
943 4219 1051 4307 igitur
1070 4220 1138 4285 talc
1158 4219 1309 4284 modium
1329 4217 1402 4282 sino

258 4349 502 4416 contrarietate
519 4370 588 4415 non
608 4348 688 4431 erit,
705 4369 782 4414 oum
802 4346 913 4413 omnis
933 4345 1079 4410 mutatio
1110 4346 1171 4410 fiat
1202 4368 1243 4410 cx
1271 4350 1404 4409 contra·

258 4478 329 4544 riis.
361 4476 518 4542 Secunda
549 4474 631 4560 quia
654 4479 745 4558 (cum
764 4496 864 4539 omno
894 4494 1017 4560 corpus
1041 4471 1198 4537 naturale
1214 4478 1254 4536 ut
1273 4468 1401 4534 alicubi

391 4596 466 4635 linus!
480 4598 535 4645 Onp.
550 4594 658 4641 nn.1,⁴.
