3420 5190
556 461 736 505 ricvaamo
758 461 891 505 cursim
913 461 1063 505 avnrrvs.
1327 449 1383 510 145

237 639 323 699 rem,
354 617 478 682 Thales
509 639 645 702 aquam,
671 616 868 682 Heraclitus
895 616 1025 704 ignem,
1057 618 1279 704 Hipparchus
1315 644 1382 686 rue-

236 740 333 806 dium
357 742 449 807 inter
477 750 591 807 acrem
621 749 656 806 et
691 742 818 827 ignom.
853 743 981 806 Eorum
1011 742 1071 828 qui
1101 743 1201 829 plura
1229 743 1290 808 alii
1319 768 1378 831 po-

236 875 379 933 suerunt
398 868 513 952 finita,
533 868 594 934 alii
613 890 693 933 vero
713 867 860 934 infinita.
886 868 1094 934 Ponentium
1118 868 1217 934 finita
1237 868 1379 954 quidam

235 993 398 1059 dixerunt
410 994 487 1078 duc,
500 1001 540 1058 ut
556 994 657 1060 Plato
674 999 890 1079 magnumst
908 1015 1068 1080 parvum,
1089 994 1310 1059 Parmenides
1328 1018 1379 1060 ca-

190 1121 211 1184 5
235 1119 345 1185 lidum
376 1126 410 1185 et
439 1119 621 1205 frigidum,
642 1120 865 1206 Empedocles
884 1119 1188 1206 congregationem
1213 1128 1248 1185 et
1267 1145 1378 1208 segre-

232 1246 421 1330 gationem,
453 1245 594 1331 quidam
623 1244 784 1310 dixerunt
813 1242 895 1329 tria,
919 1253 959 1310 ut
993 1245 1225 1311 Anaximenes
1250 1255 1378 1334 aerem,

234 1372 289 1437 vel
309 1371 402 1437 aliud
422 1395 529 1437 unum
549 1394 626 1437 cum
646 1371 756 1436 calido
776 1377 810 1436 et
836 1370 978 1457 frigido,
999 1378 1032 1436 ot
1063 1371 1281 1438 Democritus
1301 1396 1378 1438 oum

234 1497 336 1585 pleno
360 1504 394 1562 et
418 1496 515 1562 inani
539 1503 685 1580 atom0s;
706 1496 847 1582 quidam
876 1518 957 1561 vero
989 1503 1165 1582 quattuor,
1186 1505 1225 1562 ut
1249 1505 1283 1562 et
1299 1499 1379 1563 Em-

232 1621 389 1710 pedocles
409 1645 448 1688 ea
473 1645 560 1707 quae
591 1622 818 1687 communiter
847 1621 1015 1686 elementa
1046 1621 1218 1687 dicuntur.
1242 1624 1377 1688 Ponen-

169 1744 324 1820 lO'tium
352 1747 490 1813 infinita
521 1747 739 1814 Democritus
757 1746 852 1830 (dum
877 1747 914 1811 in
945 1755 1076 1814 atomos
1107 1748 1258 1835 respicit)
1287 1748 1376 1813 dixit

232 1873 428 1938 differentia
447 1873 634 1939 secundum
658 1873 805 1959 figuram
829 1880 863 1937 et
882 1872 1037 1939 ordinem
1067 1880 1219 1958 tanturn,
1240 1877 1377 1940 Anaxa-

231 2021 332 2084 goras
348 2021 429 2064 vero
443 2021 569 2085 genere
589 2021 723 2084 quoque
743 1999 817 2086 ipso
834 1998 972 2063 differre
991 1999 1110 2064 voluit.
1128 1999 1256 2065 Eodem
1274 2008 1375 2087 pacto

232 2122 273 2188 dc
293 2131 371 2188 ente
387 2124 477 2189 sicut
495 2132 529 2189 et
548 2124 589 2189 (lc
607 2123 780 2212 principio
801 2130 972 2209 quaerunt
985 2124 1135 2208 antiqui,
1155 2124 1184 2189 si
1200 2148 1308 2191 unum
1327 2126 1373 2191 sit

231 2249 285 2314 vel
304 2249 423 2337 plura,
443 2257 477 2315 et
497 2251 526 2315 si
545 2251 683 2316 finitum
703 2250 749 2315 sit
766 2251 823 2315 vel
837 2250 1029 2334 infinitum,
1050 2272 1127 2314 cum
1146 2251 1261 2337 ipsum
1282 2253 1372 2338 quod

166 2366 208 2431 15
231 2382 282 2440 est
302 2375 376 2462 ipsa
395 2398 508 2442 rerum
524 2377 718 2442 substantia
733 2383 899 2464 perpetuo
915 2399 1071 2461 manens,
1089 2375 1299 2464 principium
1316 2401 1374 2465 ap-

230 2502 369 2590 pellent.

667 2752 852 2796 nuricvnvs
876 2753 925 2796 111.

508 2875 542 2915 Do
556 2872 703 2926 opinionibus
717 2874 823 2917 curandi·
838 2882 906 2927 siquo
921 2880 1095 2931 persequendiu,

443 2952 466 2987 ei
479 2947 506 2988 do
522 2948 662 2999 negligendis
677 2951 744 2997 aliiue
759 2949 900 2988 dimittendis
911 2949 1049 2989 senientiam
1062 2951 1155 2999 proiort.

161 3129 206 3193 20
319 3128 513 3211 Dictorum,
535 3127 662 3213 inquit,
683 3128 902 3216 opinantium
932 3129 993 3194 alii
1017 3129 1264 3196 innaturalittr
1288 3141 1370 3199 sunt

228 3254 381 3339 loquuti,
402 3253 462 3318 alii
480 3276 561 3318 vero
579 3253 794 3318 naturaliter.
810 3253 985 3320 Adversus
999 3255 1130 3342 primos
1149 3280 1220 3322 non
1237 3267 1288 3324 est
1304 3283 1367 3346 pro

228 3379 344 3445 debito
376 3379 622 3466 disputandum
653 3385 795 3466 propter
823 3378 908 3445 duas
941 3403 1079 3464 causas;
1109 3390 1184 3447 tum
1208 3382 1370 3450 videlicet

229 3505 399 3591 quianon
419 3504 828 3571 conveniuntnobisoum
857 3505 894 3570 in
923 3505 1105 3593 principiis
1134 3507 1253 3590 (simili
1277 3509 1369 3574 enirn

228 3658 329 3700 cansa
358 3641 552 3720 geometrae
583 3655 653 3698 uon
687 3640 738 3697 est
763 3633 888 3699 solutio
917 3634 960 3699 ail
989 3645 1231 3720 argumentum
1268 3637 1373 3702 Auti-

160 3756 204 3822 25
228 3760 384 3848 phontis,
405 3759 463 3824 seul
482 3758 668 3840 Brissonis,
698 3758 740 3823 ilc
763 3759 974 3843 quadratura
994 3759 1137 3845 circuli),
1158 3769 1233 3826 turn
1263 3763 1368 3828 etiam

228 3885 309 3971 quia
328 3891 448 3949 contra
481 3883 671 3970 quamlibet
701 3893 900 3949 extraneam
923 3892 957 3950 et
981 3886 1207 3972 incongruam
1236 3896 1370 3953 senteu-

227 4011 312 4076 tiam
324 4010 448 4096 (qualis
459 4010 526 4074 fuit
538 4009 720 4093 Heracliti)
729 4010 907 4076 sollicitari
927 4011 1078 4077 insanire
1095 4023 1156 4076 est.
1178 4013 1241 4078 Est
1253 4021 1370 4078 tamen

226 4143 368 4223 propter
387 4135 472 4201 (luas
488 4135 573 4200 alias
593 4158 712 4201 causas
731 4136 878 4223 exempli
889 4137 1002 4222 gratia
1016 4160 1092 4201 (eum
1104 4137 1173 4202 illis
1190 4138 1371 4226 disputau-

227 4261 322 4343 ‹lum;
339 4269 412 4327 tum
430 4260 510 4345 quia
527 4261 630 4326 etiarn
648 4261 677 4325 si
694 4285 762 4327 nou
776 4263 981 4326 naturaliter
1000 4264 1199 4346 loquantur,
1215 4265 1256 4328 ilc
1274 4273 1372 4330 natu-

894 4402 1108 4409 ——----—
1114 4404 1139 4409 -..
1148 4404 1201 4410 -.-.
1209 4404 1292 4411 .--.-.-
1315 4406 1357 4411 ..-.

320 4461 332 4508 1
354 4458 518 4522 llipparous
540 4455 615 4520 (sic),
638 4455 670 4506 ui*
693 4455 865 4520 iproiaiiie
885 4455 1002 4521 quirino
1022 4459 1135 4509 inanitio
1152 4477 1200 4509 con
1224 4461 1370 4526 Hippasus

227 4540 314 4589 aem
330 4539 462 4588 athomos
524 4539 556 4587 25
573 4538 590 4588 i.
606 4537 747 4602 Brysonis
810 4539 842 4589 28
858 4537 996 4607 exempli]
1007 4555 1041 4588 ex

360 4633 434 4673 iiuusr
450 4638 504 4681 opp.
518 4635 558 4670 iae.
573 4632 594 4679 i,
608 4633 626 4672 i.
1184 4637 1207 4676 iu
