3420 5190
582 406 763 467 arelauno
785 423 918 469 uunsicr
940 423 1093 471 Avmuvs.
1346 412 1403 470 165

261 573 387 641 falsum
406 598 465 642 seu
485 576 545 662 qui
564 584 713 661 nequeat
732 601 813 643 esse.
833 579 1004 645 Neutrum
1022 579 1131 665 igitur
1149 579 1215 644 erit
1239 587 1405 647 extremo·

260 722 350 785 rum,
375 701 435 766 sed
453 701 604 768 medium
624 703 796 788 quoddam
819 703 911 769 inter
929 712 1045 770 actum
1064 704 1256 792 simplicem
1275 705 1405 793 simpli·

261 847 403 912 cemque
423 827 627 913 potentiam.

742 1190 848 1234 aurio.
879 1192 913 1234 ΙΙ.

501 1329 538 1369 An
553 1330 656 1381 mobilis,
672 1341 701 1369 an
716 1332 828 1371 moventis
843 1336 905 1371 actua
919 1332 1010 1382 quolam
1024 1334 1054 1373 sit
1069 1337 1150 1374 motus.

347 1588 450 1669 Quia,
477 1589 604 1676 inquit,
630 1611 771 1654 movens
796 1588 908 1676 primo
928 1598 979 1653 est
999 1588 1036 1653 in
1055 1588 1212 1675 potentia
1231 1593 1266 1653 et
1284 1595 1405 1675 postea

258 1712 295 1778 in
314 1720 394 1778 actu
414 1713 504 1779 sicut
520 1720 554 1779 et
573 1714 713 1795 mobile,
734 1713 818 1779 item
838 1713 920 1799 quia
938 1723 973 1777 et
996 1735 1137 1797 movens
1153 1736 1230 1778 cum
1250 1736 1320 1780 nou
1337 1737 1406 1780 mo·

258 1845 317 1904 vet
337 1844 372 1902 et
391 1838 518 1904 mobile
535 1861 613 1905 cum
629 1860 699 1904 non
715 1845 873 1905 movetur
890 1839 1064 1924 quiescere
1080 1838 1212 1925 pariter
1228 1839 1405 1922 dicuntur;

259 1961 350 2029 ultra
367 1963 449 2047 quia
468 1985 569 2028 omne
585 1963 742 2029 naturale
766 1987 873 2050 agens
892 1971 1062 2050 quatenus
1085 1963 1244 2029 naturale
1264 1964 1313 2029 ita
1337 1988 1407 2029 mo-

193 2085 234 2148 10
257 2095 375 2155 vetut
394 2095 428 2152 ot
453 2096 648 2171 moveatur,
669 2089 719 2154 ita
742 2090 885 2176 inquam
904 2111 1046 2156 movens
1065 2098 1117 2154 est
1141 2098 1180 2154 ut
1204 2096 1238 2153 et
1262 2088 1307 2155 sit
1331 2112 1404 2155 mo·

257 2215 345 2298 bil03
373 2221 488 2280 motus
515 2214 654 2279 videtur
680 2238 752 2279 esse
775 2214 830 2280 vel
849 2222 947 2279 actus
970 2214 1141 2280 moventis
1167 2221 1206 2279 ut
1234 2214 1277 2280 ad
1302 2237 1403 2300 quom

255 2339 509 2428 principaliter,
526 2339 582 2406 vel
599 2340 770 2406 moventis
785 2340 917 2428 pariter
929 2347 1033 2425 atque
1046 2339 1184 2405 mobilis
1200 2346 1239 2405 ut
1255 2338 1299 2404 ad
1319 2362 1404 2425 quos

257 2460 486 2531 communiter
514 2473 654 2552 spectet.
687 2465 854 2543 Quocirca
884 2472 1017 2530 motum
1047 2465 1229 2530 definimus
1261 2464 1403 2530 alterius

258 2590 398 2677 quidem
416 2597 594 2676 tamquam
610 2588 813 2676 accipientis
829 2596 933 2675 atquc
952 2588 1169 2672 sustinentis,
1187 2589 1329 2654 alterius
1345 2613 1404 2656 au·

192 2718 233 2782 15
259 2723 329 2781 tem
352 2715 449 2782 velut
468 2715 644 2802 operantis
668 2722 702 2780 ct
722 2714 902 2780 efficientis
926 2721 1050 2780 actum.
1076 2714 1125 2778 At
1153 2714 1302 2801 inquies:
1322 2737 1401 2780 cum

256 2862 393 2907 movere
417 2840 507 2905 actio
533 2840 699 2924 quaedam
723 2840 769 2905 sit
792 2847 827 2905 et
854 2841 986 2905 moveri
1008 2839 1136 2926 passio,
1161 2846 1308 2904 eruntne
1335 2862 1403 2905 mo·

254 2975 311 3032 tus
342 2966 446 3031 iidem
479 2988 524 3031 an
551 2964 705 3031 diversi?
741 2965 778 3030 Si
810 2965 937 3053 quippe
966 2965 1108 3049 diversi,
1140 2970 1200 3030 aut
1231 2964 1332 3030 ambo
1364 2964 1403 3030 iu

259 3100 394 3181 agente,
414 3098 449 3158 et
472 3100 556 3158 tunc
580 3115 721 3159 movens
741 3114 841 3157 omne
861 3092 1074 3175 movebitur3
1091 3099 1151 3157 aut
1167 3092 1268 3158 ambo
1288 3092 1325 3157 iu
1344 3116 1403 3180 pa-

255 3219 378 3303 tiente,
404 3224 556 3302 tuncque
584 3216 729 3284 diversis
752 3217 844 3282 idem
868 3224 990 3303 agetur
1013 3217 1182 3300 motibus,
1202 3224 1262 3283 aut
1286 3216 1399 3305 passio

188 3342 233 3406 20
255 3344 293 3409 in
311 3343 466 3431 patiente
485 3350 520 3408 et
539 3343 629 3408 actio
656 3342 695 3408 in
713 3349 850 3429 agente,
868 3348 903 3407 et
926 3352 1010 3408 tunc
1034 3349 1125 3425 (cum
1145 3343 1150 3432 l
1171 3343 1261 3409 actio
1286 3352 1400 3410 mot-us
1426 3351 1506 3415 18r

255 3469 397 3555 quidam
415 3469 473 3553 sit)
488 3468 684 3535 movebitur
699 3490 799 3533 omne
815 3490 974 3551 movens,
999 3474 1060 3533 aut
1078 3467 1193 3555 passio
1214 3468 1249 3533 in
1269 3476 1395 3555 agente

255 3602 289 3661 et
315 3595 406 3661 actio
432 3595 469 3660 in
494 3594 664 3682 patiente,
688 3602 841 3680 tuncque
864 3601 961 3659 actus
989 3617 1060 3659 non
1084 3593 1276 3681 reperietur
1300 3594 1336 3658 iu
1361 3615 1400 3659 eo

256 3721 354 3787 cuius
381 3729 433 3786 est
464 3728 571 3786 actus.
590 3720 791 3809 Respondet
821 3743 857 3785 se
884 3742 954 3785 non
985 3719 1180 3806 intelligere
1209 3719 1299 3784 idem
1328 3743 1400 3784 esse

255 3847 426 3912 actionem
445 3852 549 3932 atque
567 3845 776 3934 passionem,
797 3845 856 3910 sed
875 3845 1031 3910 eumdem
1051 3845 1198 3909 actionis
1218 3844 1401 3931 passionis-

188 3978 232 4043 25
255 3995 322 4058 quc
346 3972 540 4038 subiectum
569 3978 713 4056 motum,
743 3972 804 4056 qui
831 3970 933 4037 huius
957 3970 1096 4056 quidem
1120 3979 1172 4034 ost
1197 3976 1235 4035 ut
1259 3969 1399 4056 inquo,

254 4095 349 4163 illius
370 4104 485 4163 autem
504 4104 544 4162 ut
563 4120 583 4162 a
602 4119 688 4183 quo;
708 4096 799 4162 unda
818 4119 881 4162 nec
900 4103 1060 4182 agentem
1079 4095 1169 4182 pati,
1187 4117 1251 4161 nec
1269 4095 1401 4160 discen-

255 4230 326 4288 tem
346 4221 467 4289 doccre
486 4245 697 4308 consequens
714 4221 789 4287 crit.

349 4487 397 4537 l.·2
413 4492 623 4536 extracmorum
