3420 5190
605 429 650 475 nn
670 428 854 475 uonnmnrr
875 429 1018 476 orncmo.
1325 415 1385 474 253

240 587 463 656 dividendam
482 587 702 653 distribuant.
716 585 867 673 Cupiens
879 586 1013 652 duabus
1031 585 1132 651 lineis
1144 585 1384 671 inaequalibus

240 714 332 780 datis
352 714 437 779 alias
455 712 537 779 dare
556 712 593 777 in
612 712 731 777 eadem
747 712 971 799 proportione
990 711 1135 777 maiores
1154 719 1259 796 atque
1278 710 1386 775 mino-

241 860 307 921 res,
329 861 406 904 oum
425 843 544 903 centro
563 837 754 924 primisque
773 836 968 902 cursoribus
987 837 1155 902 minorem
1174 835 1385 922 intercipias,

242 986 321 1029 oum
341 970 460 1028 centro
484 962 710 1047 secundisque
731 962 907 1045 maiorem,
927 969 967 1027 ut
997 961 1047 1027 ita
1066 968 1186 1048 aperto
1203 967 1385 1047 quantum·

197 1087 329 1154 blibet
349 1088 478 1153 circino
498 1088 535 1152 in
559 1088 778 1173 quantalibet
799 1088 990 1172 quaesitam
1013 1087 1112 1152 dabis
1136 1084 1386 1171 magnitudine.
1472 1096 1477 1101 '

244 1213 282 1278 Si
301 1214 419 1300 cupias
432 1213 523 1278 datis
536 1212 670 1279 duabus
688 1211 791 1277 rectis
807 1211 908 1277 lineis
922 1186 1062 1277 teitiam
1078 1210 1236 1277 invenire
1247 1231 1389 1296 propor-

244 1338 423 1422 tionalem,
441 1337 584 1425 dispone
600 1338 768 1403 circinum
787 1343 826 1402 ut
845 1337 1019 1417 oenltrum
1038 1359 1116 1402 cum
1134 1335 1256 1423 primis
1276 1357 1390 1401 curso·
1416 1330 1497 1394 ΙΨ

244 1462 341 1529 ribus
358 1463 558 1550 intercipiat
577 1463 759 1547 minorem,
781 1486 858 1528 cum
877 1461 1036 1528 secundis
1052 1483 1134 1527 vero
1150 1462 1331 1544 maiorem,
1351 1468 1390 1526 ut

244 1588 383 1672 deinde,
404 1589 433 1654 si
450 1599 593 1674 quaeras
612 1589 752 1653 tertiam
775 1588 1069 1675 proportionalem
1084 1587 1269 1671 minorem,
1287 1608 1391 1673 supra

181 1715 223 1778 10
247 1715 379 1780 minore
399 1714 557 1779 secundis
584 1714 760 1779 collocatis
789 1712 894 1801 primi
919 1713 1111 1798 quaesitam
1141 1711 1392 1798 largiantur,e

247 1847 366 1906 contra
385 1861 466 1905 vero
486 1838 591 1904 iidem
611 1840 798 1923 situentur,
818 1839 847 1904 si
866 1838 1006 1904 tertiam
1019 1837 1183 1904 maiorem
1202 1837 1394 1924 proportio·

246 1966 360 2032 nalem
373 1987 534 2051 quaeras3
551 1965 673 2051 primis
685 1965 778 2030 enim
795 1986 897 2051 super
913 1964 1041 2030 maiore
1055 1962 1186 2050 positis,
1202 1962 1393 2048 quaesitam

248 2090 382 2155 dabunt
410 2090 562 2155 secundi.
581 2090 711 2155 Eodem
730 2096 834 2177 pacto
853 2089 1021 2175 disposito
1046 2089 1174 2155 circino
1202 2088 1332 2175 poteris
1351 2086 1394 2153 ad

250 2224 423 2301 quartam,
443 2216 602 2302 quintam
626 2223 661 2280 et
680 2215 935 2302 quantamlibet
958 2215 1180 2281 incontinua
1204 2213 1396 2302 proportio·

184 2338 224 2401 15
248 2340 394 2406 nalitate
416 2341 607 2427 procedere.
638 2340 799 2407 Placetne
827 2340 960 2406 (luobus
991 2339 1039 2405 sic
1069 2339 1171 2405 facile
1199 2341 1254 2405 vel
1274 2339 1394 2405 tribus

248 2464 547 2551 magnitudinibus
578 2465 945 2531 commensurabilibus
976 2465 1101 2529 oblatis
1132 2464 1318 2530 maximam
1342 2487 1395 2529 ea·

248 2612 325 2655 rum
356 2611 571 2656 communem
606 2612 802 2656 mensuram
837 2589 1020 2656 invenire?
1051 2588 1155 2654 Sume
1182 2589 1310 2654 lineam
1343 2594 1394 2671 (ut

249 2739 356 2782 unum
372 2716 439 2782 tibi
459 2738 640 2781 numerum
657 2715 832 2797 definiam)
851 2715 888 2779 in
906 2715 1086 2800 sexaginta
1101 2719 1218 2802 partes
1237 2712 1393 2796 divisam,

249 2840 433 2907 dummodo
458 2849 567 2907 tota-m
592 2841 712 2905 circini
732 2839 769 2905 in
787 2848 920 2906 rectum
939 2839 1194 2927 longitudinem
1210 2861 1281 2904 non
1301 2861 1395 2903 exce·

183 2967 228 3031 ‘20
251 2965 320 3048 dat,
341 2988 408 3052 quo
426 2966 589 3061 videlicet
608 2966 837 3032 secundorum
856 2987 1033 3032 cursonim
1053 2963 1249 3052 pyramides
1269 2963 1396 3029 lineam

252 3091 540 3179 comprehendere
569 3093 704 3179 possint
731 3091 938 3157 universam.
970 3091 1123 3179 Dispone
1156 3089 1325 3156 circinum
1355 3097 1395 3155 ut

251 3216 356 3303 primi
368 3215 437 3282 duo
450 3238 604 3283 cursores
620 3215 807 3282 secuudum
821 3215 964 3281 minoris
978 3215 1090 3280 lineae
1108 3214 1363 3299 longitudinem
1377 3236 1398 3279 a

252 3347 369 3406 centro
383 3340 521 3424 distent,
533 3341 674 3408 secundi
687 3362 768 3406 vero
781 3339 968 3406 secundum
980 3339 1235 3424 longitudinem
1248 3339 1397 3423 maioris,

252 3477 292 3530 ut
309 3471 442 3552 postea,
454 3473 573 3553 aperto
593 3465 721 3532 circino
741 3465 967 3551 secundisque
980 3464 1175 3531 cursoribus
1187 3463 1271 3529 duas
1288 3463 1398 3528 lineae

185 3591 229 3655 25
253 3589 383 3655 divisae
395 3598 512 3677 partes
523 3590 794 3673 continentibus,
806 3590 966 3657 videatur
976 3612 1060 3655 num
1079 3567 1183 3675 primi
1196 3589 1339 3654 veniant
1356 3586 1399 3653 ad

253 3716 455 3803 capiendam
478 3739 583 3782 unam
602 3723 750 3803 partem,
768 3716 932 3801 quoniam
952 3715 1011 3780 illa
1028 3714 1147 3802 procul
1167 3713 1272 3779 <lubio
1292 3712 1400 3778 maxi-

254 3865 309 3907 ma
322 3840 389 3906 erit
401 3842 593 3907 communis
604 3838 791 3916 menlsura.
806 3840 868 3906 Sin
882 3840 1010 3924 minue,
1025 3839 1173 3905 circinus
1190 3861 1296 3926 usque
1313 3837 1397 3903 adeo
1423 3842 1503 3907 18‘

254 3969 445 4053 aperiatur,
459 3967 687 4052 videaturque
707 3990 803 4051 uum,
819 3966 879 4033 ubi
896 3964 1035 4031 secundi
1055 3972 1124 4031 tres
1134 3972 1250 4052 partes
1262 3963 1402 4030 interci-

255 4092 369 4178 piant,
387 4092 491 4180 primi
510 4091 653 4157 veniant
683 4091 727 4157 ad
750 4115 855 4157 uuam
871 4091 926 4157 vel
945 4091 1030 4157 duas
1046 4099 1161 4178 partes
1183 4089 1403 4176 intercipien-

190 4226 234 4291 30
257 4218 334 4303 das,
351 4219 406 4284 vel
426 4224 478 4302 (ut
497 4218 701 4305 ampliorem
720 4239 899 4282 numerum
919 4215 1101 4298 adducam)
1120 4215 1149 4281 si
1168 4213 1326 4281 secundis
1348 4213 1401 4278 de-

328 4502 460 4564 bqnsms
526 4499 760 4548 lll.200xoaodat
821 4495 1020 4564 20pimmidos
1084 4493 1403 4562 Bovelut(ampliorcm
