3420 5190
485 415 599 463 svnua
618 418 838 465 reaumonvn
858 419 1171 464 nernrnrsrcoavu.
1339 402 1396 462 119

255 576 368 640 turae!
382 575 452 641 Nos
472 575 570 642 illum
586 576 793 642 instinctum
812 600 885 644 esse
901 599 1019 643 sensus
1035 575 1198 663 speciem,
1217 574 1273 641 vel
1293 574 1396 660 (quod

254 699 346 765 idem
365 707 428 784 est)
459 701 711 788 intelligentiae
742 703 913 788 quendam
939 709 1020 788 (quo
1043 724 1106 768 nos
1130 699 1243 766 orbati
1267 704 1396 783 sumus)

254 827 401 910 gradum
430 849 490 894 seu
517 850 651 893 ramum
675 827 882 914 colligimus,
908 850 975 914 quo
1006 827 1043 892 in
1073 849 1155 892 suae
1187 825 1396 911 reipublicae

255 951 555 1019 administratione
577 953 684 1039 inque
712 952 951 1041 comparandis
979 952 1071 1018 vitae
1094 949 1294 1017 necessariis
1319 972 1398 1038 pru·

211 1074 231 1140 5
255 1076 393 1143 dontius
412 1085 447 1143 et
466 1078 617 1144 delinitis
634 1078 840 1165 quibusdem
856 1078 966 1165 iisqne
984 1076 1124 1165 optimis
1142 1076 1180 1141 in
1196 1098 1256 1142 suo
1273 1097 1398 1162 genere

256 1202 435 1269 ordinibus
462 1211 629 1290 aguntur,
654 1204 772 1290 quales
790 1203 941 1269 humana
966 1202 1095 1290 species
1124 1201 1162 1267 in
1187 1222 1248 1266 suo
1271 1222 1398 1286 genere

256 1350 435 1413 nunquam
453 1328 674 1415 adsequetur,
699 1329 782 1395 dum
807 1328 1065 1395 individuorum
1084 1326 1221 1412 singula
1240 1325 1396 1412 palantia

256 1455 425 1540 optimum
444 1455 532 1520 illud
554 1455 784 1542 perquirendo
804 1476 981 1540 nunquam
1000 1453 1056 1520 vel
1074 1473 1152 1519 raro
1175 1473 1239 1538 pro
1262 1472 1323 1516 suo
1343 1472 1399 1537 ge-

255 1602 336 1645 nere
353 1580 584 1666 contigerunt.

715 1871 938 1936 Paormnms.

346 2115 401 2181 Ex
432 2116 525 2182 hisce
556 2115 830 2182 differentiarum
856 2116 1067 2202 rationibUS,
1091 2116 1245 2183 diversas
1275 2138 1399 2203 cogno·

257 2241 374 2307 scendi
397 2241 526 2328 species
550 2241 856 2326 constituentibus,
880 2248 1137 2328 consequuntur
1159 2241 1276 2308 variae
1300 2241 1398 2307 iuxta

256 2367 353 2433 varia
373 2367 526 2433 subiecta
544 2367 787 2455 proprietates,
805 2367 946 2453 quaein
963 2367 1076 2455 specie
1095 2373 1176 2433 sunt
1195 2367 1286 2432 idem
1307 2367 1398 2452 quod

257 2492 483 2574 differentiae,
503 2492 540 2557 in
559 2493 826 2580 particularibus
848 2514 930 2559 vero
950 2492 1182 2559 conditionem
1206 2492 1397 2581 proprieta-
1424 2491 1513 2555 119
1525 2490 1580 2553 Μ

192 2622 233 2688 Ιῦ
256 2627 331 2686 tum
350 2618 538 2706 accipiunt,
559 2619 655 2684 iuxta
671 2618 846 2706 passiones
862 2618 1056 2707 specificam
1072 2617 1303 2684 differentiam
1320 2641 1398 2685 con·

257 2750 437 2831 sequentes
452 2743 489 2808 in
508 2743 662 2811 subiecto
681 2744 897 2831 particulari,
918 2743 1204 2831 quemadmodum
1219 2743 1399 2811 rationali·

256 2876 324 2955 tae,
341 2892 427 2955 quae
443 2869 577 2935 ratione
593 2869 752 2957 specifica
766 2892 835 2936 una
851 2876 886 2935 et
902 2868 1101 2936 indifferens
1118 2876 1170 2934 est
1186 2869 1223 2935 in
1236 2870 1395 2936 omnibus

257 2995 461 3080 individuis,
486 2994 632 3060 subinde
660 2994 697 3059 in
719 2995 784 3060 hoc
807 3001 841 3059 et
865 2995 902 3060 in
925 2994 986 3061 illo
1009 2993 1251 3082 distinguitur,
1273 3001 1312 3060 ut
1335 3019 1398 3083 per

255 3120 347 3186 hunc
366 3129 400 3187 et
419 3121 518 3187 illum
541 3121 700 3187 adactus
723 3120 953 3186 ratiocinandi
976 3121 1077 3186 aliter
1100 3127 1205 3207 atque
1228 3121 1329 3187 aliter
1347 3122 1397 3187 in-

189 3249 233 3311 ‘20
256 3248 415 3313 clinatur.

656 3526 776 3592 Gnnvs
794 3546 836 3592 nr
854 3546 995 3592 senous.
1422 3520 1577 3587 5100

346 3768 545 3834 Intellectus
569 3791 659 3834 unus
683 3768 773 3834 idem
802 3768 839 3833 in
867 3768 1026 3835 omnibns
1061 3792 1123 3856 pro
1151 3791 1318 3854 generum
1341 3793 1398 3836 va·

257 3895 380 3959 rietate
398 3894 533 3959 diversa
548 3895 776 3981 cognoscendi
791 3917 918 3981 genera
935 3896 1137 3980 constituit,
1158 3918 1305 3982 quorum
1325 3920 1398 3985 spe-

260 4021 328 4085 cics
345 4026 426 4085 sunt
441 4019 655 4103 indefinitae,
672 4021 701 4086 si
716 4043 796 4086 vera
812 4028 864 4086 est
880 4043 919 4086 ea
939 4043 1042 4107 quam
1058 4022 1161 4109 paulo
1177 4028 1258 4086 ante
1276 4022 1318 4087 de
1337 4046 1399 4088 nu-

190 4155 233 4217 ‘25
257 4169 350 4212 mero
366 4169 525 4211 sensuum
539 4145 787 4232 explicavimus
797 4145 964 4212 doctrina.
977 4146 1236 4233 Intelligentiae
1251 4171 1332 4233 crgo
1349 4148 1399 4213 di-

256 4294 373 4337 versae
386 4278 468 4336 sunt
483 4270 620 4358 species.
634 4270 750 4337 Primo
761 4271 854 4336 enim
866 4277 901 4335 et
914 4271 1206 4337 universalissimo
1217 4272 1396 4338 intellectu

259 4406 1386 4432 —ffl———A————

350 4488 381 4537 ’ὢ
397 4485 483 4556 enim]
498 4503 526 4538 n.
542 4486 584 4536 n:
598 4487 686 4537 onaG
