3420 5190
456 464 567 508 SVMMA
589 463 808 509 TERMINORVM
829 462 1140 507 ME'l'APllYSIOOBVM.
1331 445 1370 502 63

224 619 342 686 tibiae.
362 619 441 684 Non
460 618 553 684 enim
577 619 740 685 definitur
760 618 876 705 aliqua
900 618 1036 685 existis
1058 615 1277 705 passionibus
1296 613 1371 681 sine

226 770 287 814 suo
304 749 471 833 subiect03
493 747 640 814 caecitas
656 747 749 812 enim
769 755 820 812 est
840 745 930 813 oculi
944 745 1088 829 orbitae,
1106 744 1257 811 surditas
1276 743 1372 810 audi-

227 879 283 939 tus
307 873 451 958 orbitas,
472 873 607 939 similas
630 871 707 939 nasi
731 872 892 939 curvitas.
912 871 1050 937 Tertius
1073 869 1194 937 modus
1217 876 1282 953 est,
1303 890 1371 954 quo

227 998 360 1084 aliquid
390 998 587 1065 absolutum
617 997 828 1084 intelligitur
857 1004 891 1063 et
921 1020 992 1063 non
1023 1018 1100 1062 cum
1128 996 1257 1081 aliquo,
1283 995 1373 1061 sicut

184 1127 204 1192 ὅ
229 1124 396 1212 quaedam
420 1123 552 1189 formae
571 1129 652 1189 sunt
668 1146 729 1210 per
747 1147 795 1208 se,
814 1122 919 1189 idest
937 1144 1058 1210 purae,
1078 1121 1202 1188 nonin
1218 1121 1371 1186 materia.

229 1251 287 1316 Sic
305 1250 398 1315 Deus
418 1248 545 1314 dicitur
561 1257 658 1315 actus
676 1272 738 1337 per
757 1273 804 1333 se;
824 1249 984 1315 similiter
1002 1247 1263 1334 intelligentiae.
1282 1247 1371 1311 ltem

229 1376 417 1442 secundum
453 1375 763 1441 considerationem
801 1375 891 1441 hanc
922 1373 1075 1440 medicus
1107 1372 1295 1439 meditatur
1330 1371 1372 1436 de

230 1502 341 1568 colore
365 1501 485 1566 urinae
508 1523 570 1588 per
593 1523 640 1584 se,
666 1501 772 1566 idest
796 1500 870 1567 sine
888 1506 1046 1587 respectu
1069 1498 1188 1565 habito
1208 1497 1252 1564 ad
1273 1501 1277 1585 Ι
1297 1497 1375 1563 sub
1399 1498 1537 1561 57M

230 1626 368 1692 iactum.
397 1626 522 1711 Itaque
550 1625 607 1690 hio
634 1624 756 1691 modus
784 1625 908 1692 tertius
936 1623 1121 1712 dupliciter
1144 1622 1307 1706 sumitur,
1333 1627 1372 1687 ut

165 1762 207 1826 10
231 1750 402 1837 quoddam
427 1752 472 1817 sit
502 1774 565 1839 per
589 1759 780 1836 sanatura,
801 1751 973 1838 quoddam
1003 1772 1085 1817 vcro
1113 1749 1287 1838 positione
1313 1770 1373 1814 seu

229 1883 408 1964 conceptu.
434 1876 564 1954 Quarto
595 1877 695 1943 modo
718 1901 780 1964 per
802 1901 838 1943 se
865 1877 993 1943 dicitur
1015 1875 1258 1958 necessarium,
1284 1873 1373 1940 sicut

229 2026 348 2069 caussa
359 2025 420 2090 per
433 2002 617 2087 sedicitur,
636 2027 738 2090 quam
757 2003 947 2070 necessario
972 2001 1192 2087 consequitur
1211 2000 1371 2084 effectus,

232 2137 271 2193 ut
290 2151 351 2215 per
370 2152 405 2194 sc
425 2128 641 2215 decapitatus
665 2129 799 2212 interit,
824 2127 860 2192 id
883 2137 935 2194 est
958 2127 1162 2211 necessario,
1182 2149 1243 2212 per
1262 2149 1297 2191 se
1316 2123 1373 2189 de-

234 2253 385 2320 coriatus
406 2254 564 2339 moritur,
584 2254 691 2322 idest
710 2254 900 2320 necessario
920 2260 982 2320 etc.

523 2589 618 2654 XLI.
643 2589 829 2654 Sncvuovu
856 2608 945 2662 oven
973 2609 1083 2655 resvn.

324 2885 519 2952 Secundum
549 2884 641 2971 quod
669 2885 782 2972 ipsum
805 2891 857 2950 est
885 2884 1014 2972 species
1046 2885 1119 2951 eius
1151 2886 1241 2972 quod
1264 2895 1316 2953 est
1339 2889 1377 2953 in

236 3011 347 3099 primo
363 3011 464 3077 modo
478 3010 614 3075 dicendi
630 3033 692 3096 per
711 3033 755 3076 sc.
775 3011 904 3076 Eorum
921 3011 1013 3076 cuim
1030 3034 1117 3097 quae
1136 3012 1298 3079 dicuntur
1316 3038 1378 3101 per

238 3162 286 3222 se,
312 3137 478 3224 quaedam
503 3137 666 3202 dicuntur
689 3136 1002 3203 inconvertibiliter
1025 3137 1066 3202 de
1090 3138 1258 3222 subiecto,
1289 3140 1378 3207 sicut

238 3263 414 3350 superiora
438 3262 480 3329 de
503 3262 725 3328 inferioribus
749 3262 923 3328 incedam
946 3285 1071 3349 genere
1094 3263 1254 3348 univoca3
1279 3288 1379 3350 quae-

171 3391 216 3455 20
238 3390 317 3455 darn
333 3412 413 3455 voro
430 3387 717 3474 convertibiliter,
738 3388 828 3454 sicut
846 3388 1003 3474 aequalia
1019 3389 1061 3453 de
1081 3388 1085 3476 Ι
1106 3390 1316 3475 aequalibus.
1333 3392 1380 3456 Et
1403 3394 1512 3458 465
1530 3392 1568 3458 G

238 3516 274 3581 in
293 3515 416 3581 horum
440 3515 560 3582 ordine
583 3521 635 3580 est
659 3515 750 3600 quod
777 3514 906 3580 dicitur
934 3514 1120 3581 secundum
1141 3517 1232 3601 quod
1252 3516 1378 3603 ipsum,

240 3642 301 3708 ubi
324 3643 455 3708 scilicet
482 3641 718 3730 praedicatum
748 3640 910 3707 convenit
938 3641 1093 3707 subiecto
1123 3642 1313 3728 adaequate
1345 3648 1380 3707 ot

239 3768 366 3855 primo,
395 3767 682 3854 quemadmodum
711 3766 836 3831 habere
866 3775 936 3831 tres
967 3768 1112 3854 angulos
1141 3768 1304 3833 convenit
1334 3792 1382 3832 so-

240 3893 390 3959 cundum
411 3892 501 3978 quod
521 3891 633 3978 ipsum
658 3891 847 3978 triangulo,
868 3892 1003 3957 etiamsi
1026 3916 1089 3980 per
1111 3917 1146 3959 se
1165 3893 1382 3980 praedicetur

173 4014 217 4077 ‘25
240 4009 282 4075 de
301 4010 452 4095 scaleno,
472 4008 613 4075 isoscele
630 4015 664 4073 et
683 4009 863 4095 isopleuro.

330 4283 360 4331 12
377 4281 509 4347 sequitur
522 4280 577 4332 MG
