3420 5190
581 404 763 451 moranno
785 406 916 451 11110101
937 407 1087 452 11101110.
1346 393 1404 452 <213

263 560 451 627 seeundum
466 561 580 649 ipsum
596 570 769 646 movetur,
784 570 818 627 et
834 563 916 649 quia
930 562 1042 649 primo
1058 587 1093 628 se
1109 563 1224 650 ipsum
1238 564 1407 647 moventi,

263 709 365 770 quem
393 686 454 750 alii
486 694 600 751 metus
628 709 698 751 non
728 688 924 773 attingunt,
960 688 1063 771 inest,
1097 694 1131 752 et
1160 689 1241 772 quia
1271 698 1408 775 praeter

262 818 395 876 motum
417 813 562 877 localem
585 813 701 878 nullus
728 812 816 877 alins
840 836 930 878 unus
953 821 988 877 et
1011 813 1102 878 idem
1122 813 1272 878 existens
1301 814 1409 879 eonti-

262 958 351 1000 nuus
382 959 454 1001 esse
486 943 601 1024 petest
629 943 734 1023 atque
766 944 967 1024 perpetuus;
997 936 1109 1002 omnis
1139 938 1231 1002 enim
1259 937 1408 1003 mutatio

218 1064 398 1147 epraeter
416 1062 575 1144 localem,
601 1085 678 1127 oum
708 1062 799 1126 inter
822 1063 988 1127 terminos
1018 1062 1194 1149 oppositos
1219 1062 1406 1146 habeatur,

261 1185 404 1250 minime
423 1185 620 1251 continuari
643 1187 887 1273 perpetuamve
911 1193 1039 1273 potest;
1060 1210 1194 1274 semper
1214 1188 1307 1252 enim
1326 1211 1408 1273 quo-

260 1309 442 1376 dammodo
462 1312 614 1396 quietem
634 1312 781 1378 mediam
811 1312 994 1377 admittere
1014 1313 1187 1398 contingit
1206 1319 1280 1378 tum
1307 1337 1408 1399 gene·

259 1435 410 1500 rationes
426 1443 461 1500 et
478 1437 725 1525 corruptiones
738 1445 813 1502 tum
830 1445 865 1502 et
881 1445 1034 1502 caeterae
1047 1438 1249 1503 mutationis
1266 1438 1406 1524 speeies.

763 1752 836 1796 Aur.
861 1752 896 1795 11.
1429 1741 1525 1825 (8v)

534 1876 618 1914 Motum
634 1875 767 1915 circularem
783 1877 810 1913 de
826 1877 948 1915 {udonibus
963 1887 1011 1916 esse
1027 1875 1132 1928 prluunu.

349 2096 481 2180 Omnis,
507 2097 635 2182 inquit,
663 2098 752 2164 alius
778 2105 892 2164 motus
914 2098 1033 2163 localis
1061 2100 1115 2163 vel
1148 2100 1325 2165 circularis
1348 2104 1404 2167 vel

259 2231 373 2289 rectus
397 2223 453 2290 vel
477 2223 606 2287 mixtus
626 2230 690 2306 est,
710 2246 857 2308 quorum
873 2232 986 2289 rectus
1014 2247 1090 2287 cum
1117 2247 1220 2310 snper
1247 2227 1403 2311 spacium

258 2349 398 2413 finitum
418 2348 644 2435 compleatur,
664 2371 734 2414 non
753 2354 868 2436 potest
885 2372 956 2415 esse
972 2357 1172 2436 perpetuus,
1194 2349 1321 2415 iterum
1341 2375 1402 2417 nec

258 2474 387 2538 mixtus
407 2496 447 2537 ex
472 2482 566 2537 recto
591 2481 695 2559 atque
724 2474 883 2539 circulari
911 2475 1132 2559 rationeque
1162 2497 1232 2539 non
1256 2483 1308 2539 est
1326 2499 1403 2563 per·

192 2611 234 2673 15
257 2607 383 2686 petuas
405 2605 534 2683 rectus,
565 2599 632 2663 nisi
664 2598 821 2663 iterando
850 2600 905 2663 vel
932 2598 1139 2665 reflectendo
1165 2610 1403 2686 prosequatur.

258 2725 365 2789 Porro
385 2731 518 2789 motum
534 2731 615 2788 ante
634 2723 855 2789 reflexionem
874 2730 908 2788 et
926 2730 1005 2810 post
1023 2723 1245 2791 reflexionem
1265 2725 1342 2810 quis
1354 2724 1404 2791 di·

258 2856 312 2914 eet
329 2871 438 2914 uuum
457 2848 685 2915 continuum?
706 2848 828 2913 Nonne
845 2856 928 2914 sunt
944 2849 1109 2914 contrarii
1125 2851 1261 2916 motus?
1278 2850 1401 2916 Nonne

258 2973 445 3038 seeundum
465 2972 656 3038 contrarias
672 2974 761 3037 fiunt
776 2973 1042 3060 dispositiones?
1055 2975 1178 3039 Nornre
1195 2980 1314 3039 mutue
1335 2975 1401 3040 sibi

258 3098 408 3163 invicem
419 3121 521 3184 super
541 3097 658 3162 eadem
674 3097 766 3162 linea
785 3097 957 3163 obviando
974 3097 1193 3185 impediunt?
1208 3099 1331 3164 Nonne
1352 3100 1402 3165 in·

191 3234 235 3296 ‘20
258 3229 311 3287 ter
328 3230 460 3288 motum
476 3222 642 3288 reflexum
659 3230 694 3287 et
712 3229 843 3287 motum
860 3222 920 3287 illo
932 3222 1082 3308 priorem
1102 3223 1199 3308 quies
1218 3224 1256 3288 in
1272 3231 1400 3310 puncto

257 3348 453 3414 reflexionis
473 3347 626 3412 mediat?
647 3347 771 3411 Nonne
790 3346 818 3411 si
835 3346 961 3411 mobile
981 3346 1018 3412 in
1036 3347 1184 3412 termino
1204 3347 1400 3414 reflexionis

257 3480 466 3557 moveretur,
492 3473 541 3538 ita
565 3471 747 3539 contrariis
772 3472 874 3537 simul
894 3478 1054 3557 ageretur
1078 3473 1247 3556 motibus,
1267 3479 1306 3538 ut
1329 3497 1400 3539 non

256 3600 377 3666 maiori
397 3598 533 3664 ratione
557 3598 671 3683 ipsum
699 3596 859 3661 accedere
879 3619 982 3683 quam
1012 3597 1125 3683 ipsum
1156 3598 1311 3663 recedere
1331 3599 1400 3663 dici

256 3725 389 3813 possit?
410 3723 494 3802 Quis
513 3723 596 3787 item
627 3720 703 3786 illos
733 3729 847 3787 motus
870 3744 978 3788 unum
1006 3723 1145 3787 audebit
1174 3723 1301 3807 dicere,
1322 3747 1400 3789 eum

188 3854 232 3917 at>
256 3874 403 3937 quorum
422 3871 491 3914 uno
513 3849 609 3934 quies
622 3847 722 3913 alteri
742 3848 900 3934 opposita
913 3854 1061 3932 constat,
1074 3871 1150 3914 eum
1167 3872 1327 3914 ascensus
1345 3850 1400 3914 de·

256 3976 454 4042 nominetur
473 3981 586 4039 motus
602 3981 681 4038 ante
697 3973 932 4057 reflexionem,
953 3973 1012 4059 qui
1033 3996 1113 4039 vero
1132 3981 1210 4060 post
1229 3973 1324 4039 illum
1344 3973 1400 4038 de·

255 4124 393 4168 scansus
409 4111 507 4181 vejre
523 4098 787 4164 denominetur?
808 4099 892 4175 Quis
911 4098 995 4162 item
1012 4098 1130 4163 eodem
1146 4097 1292 4163 instanti
1309 4099 1400 4165 alba·
1423 4107 1519 4191 (9‘)

255 4228 385 4292 tionem
405 4223 585 4290 terminari
605 4223 696 4288 (licet
716 4230 750 4288 01
769 4223 921 4309 incipere
941 4222 1199 4309 nigrationem‘?

266 4384 291 4391 ..
312 4384 315 4389 .
364 4383 427 4389 .-.
468 4384 479 4389 -
494 4380 1396 4390 ..-—-.----—--———————-———·-—-——.-

346 4464 363 4509 8
379 4456 403 4505 ri
416 4456 591 4523 ‹rrpmcrebbe
604 4465 733 4507 caeteras
797 4458 896 4508 21025
912 4456 987 4525 eum]
1005 4472 1070 4508 euin
