<?xml version="1.0" encoding="UTF-8"?>
<!DOCTYPE html PUBLIC "-//W3C//DTD XHTML 1.0 Transitional//EN"
    "http://www.w3.org/TR/xhtml1/DTD/xhtml1-transitional.dtd">
<html xmlns="http://www.w3.org/1999/xhtml" xml:lang="en" lang="en">
 <head>
  <title>
</title>
<meta http-equiv="Content-Type" content="text/html;charset=utf-8" />
  <meta name='ocr-system' content='tesseract 3.04.00' />
  <meta name='ocr-capabilities' content='ocr_page ocr_carea ocr_par ocr_line ocrx_word'/>
</head>
<body>
  <div class='ocr_page' id='page_1' title='image "./jordanibruninol02brungoog_0188.png"; bbox 0 0 3420 5190; ppageno 0'>
   <div class='ocr_carea' id='block_1_1' title="bbox 560 412 1385 472">
    <p class='ocr_par' dir='ltr' id='par_1_1' title="bbox 560 412 1385 472">
     <span class='ocr_line' id='line_1_1' title="bbox 560 412 1385 472; baseline 0.002 -5"><span class='ocrx_word' id='word_1_1' title='bbox 560 421 740 468; x_wconf 73' lang='lat' dir='ltr'><strong>arevalum</strong></span> <span class='ocrx_word' id='word_1_2' title='bbox 762 423 894 470; x_wconf 75' lang='lat' dir='ltr'><strong>Paraloi</strong></span> <span class='ocrx_word' id='word_1_3' title='bbox 915 424 1068 472; x_wconf 76' lang='lat' dir='ltr'><strong>avnrrvs.</strong></span> <span class='ocrx_word' id='word_1_4' title='bbox 1331 412 1385 470; x_wconf 84' lang='lat'><strong>181</strong></span> 
     </span>
    </p>
   </div>
   <div class='ocr_carea' id='block_1_2' title="bbox 201 576 1391 1416">
    <p class='ocr_par' dir='ltr' id='par_1_2' title="bbox 245 576 1391 1041">
     <span class='ocr_line' id='line_1_2' title="bbox 247 576 1389 665; baseline 0.003 -24"><span class='ocrx_word' id='word_1_5' title='bbox 247 576 313 641; x_wconf 87' lang='lat' dir='ltr'><strong>lem</strong></span> <span class='ocrx_word' id='word_1_6' title='bbox 334 577 512 664; x_wconf 82' lang='lat' dir='ltr'>posuimus</span> <span class='ocrx_word' id='word_1_7' title='bbox 533 577 648 643; x_wconf 90' lang='lat' dir='ltr'><strong>locum</strong></span> <span class='ocrx_word' id='word_1_8' title='bbox 667 578 870 645; x_wconf 80' lang='lat' dir='ltr'><strong>defamatur</strong></span> <span class='ocrx_word' id='word_1_9' title='bbox 888 580 993 665; x_wconf 87' lang='lat' dir='ltr'><strong>(quod</strong></span> <span class='ocrx_word' id='word_1_10' title='bbox 1017 581 1110 646; x_wconf 87' lang='lat' dir='ltr'><strong>enim</strong></span> <span class='ocrx_word' id='word_1_11' title='bbox 1130 602 1201 646; x_wconf 90' lang='lat' dir='ltr'><strong>non</strong></span> <span class='ocrx_word' id='word_1_12' title='bbox 1220 580 1389 646; x_wconf 84' lang='lat' dir='ltr'><strong>violenter</strong></span> 
     </span>
     <span class='ocr_line' id='line_1_3' title="bbox 246 700 1391 792; baseline 0.003 -26"><span class='ocrx_word' id='word_1_13' title='bbox 246 709 297 767; x_wconf 86' lang='lat' dir='ltr'><strong>est</strong></span> <span class='ocrx_word' id='word_1_14' title='bbox 317 702 529 786; x_wconf 90' lang='lat' dir='ltr'><strong>continuum,</strong></span> <span class='ocrx_word' id='word_1_15' title='bbox 543 702 658 789; x_wconf 89' lang='lat' dir='ltr'><strong>ipsum</strong></span> <span class='ocrx_word' id='word_1_16' title='bbox 678 709 730 769; x_wconf 89' lang='lat' dir='ltr'><strong>est</strong></span> <span class='ocrx_word' id='word_1_17' title='bbox 746 700 781 769; x_wconf 84' lang='lat' dir='ltr'><strong>et</strong></span> <span class='ocrx_word' id='word_1_18' title='bbox 797 710 1031 792; x_wconf 73' lang='lat' dir='ltr'><strong>congeriem),</strong></span> <span class='ocrx_word' id='word_1_19' title='bbox 1046 713 1122 772; x_wconf 87' lang='lat' dir='ltr'><strong>tum</strong></span> <span class='ocrx_word' id='word_1_20' title='bbox 1138 706 1245 770; x_wconf 91' lang='lat' dir='ltr'><strong>etiam</strong></span> <span class='ocrx_word' id='word_1_21' title='bbox 1260 728 1330 771; x_wconf 91' lang='lat' dir='ltr'><strong>non</strong></span> <span class='ocrx_word' id='word_1_22' title='bbox 1347 705 1391 770; x_wconf 91' lang='lat' dir='ltr'><strong>ir·</strong></span> 
     </span>
     <span class='ocr_line' id='line_1_4' title="bbox 245 826 1389 918; baseline 0.004 -27"><span class='ocrx_word' id='word_1_23' title='bbox 245 826 501 893; x_wconf 74' lang='lat' dir='ltr'><strong>rationabiliter</strong></span> <span class='ocrx_word' id='word_1_24' title='bbox 516 828 553 893; x_wconf 91' lang='lat' dir='ltr'><strong>in</strong></span> <span class='ocrx_word' id='word_1_25' title='bbox 566 828 707 915; x_wconf 92' lang='lat' dir='ltr'><strong>proprio</strong></span> <span class='ocrx_word' id='word_1_26' title='bbox 723 829 797 895; x_wconf 89' lang='lat' dir='ltr'><strong>loco</strong></span> <span class='ocrx_word' id='word_1_27' title='bbox 815 830 1006 914; x_wconf 89' lang='lat' dir='ltr'><strong>quiescunt.</strong></span> <span class='ocrx_word' id='word_1_28' title='bbox 1020 829 1151 896; x_wconf 89' lang='lat' dir='ltr'><strong>Octava</strong></span> <span class='ocrx_word' id='word_1_29' title='bbox 1168 830 1259 916; x_wconf 88' lang='lat' dir='ltr'><strong>quod</strong></span> <span class='ocrx_word' id='word_1_30' title='bbox 1274 830 1389 918; x_wconf 88' lang='lat' dir='ltr'><strong>ipsum</strong></span> 
     </span>
     <span class='ocr_line' id='line_1_5' title="bbox 245 953 1389 1041; baseline 0.002 -22"><span class='ocrx_word' id='word_1_31' title='bbox 245 953 338 1037; x_wconf 86' lang='lat' dir='ltr'><strong>quod</strong></span> <span class='ocrx_word' id='word_1_32' title='bbox 361 953 559 1020; x_wconf 76' lang='lat' dir='ltr'><strong>continetur</strong></span> <span class='ocrx_word' id='word_1_33' title='bbox 576 954 681 1020; x_wconf 87' lang='lat' dir='ltr'><strong>habet</strong></span> <span class='ocrx_word' id='word_1_34' title='bbox 701 977 736 1019; x_wconf 89' lang='lat' dir='ltr'><strong>se</strong></span> <span class='ocrx_word' id='word_1_35' title='bbox 764 955 803 1020; x_wconf 92' lang='lat' dir='ltr'><strong>in</strong></span> <span class='ocrx_word' id='word_1_36' title='bbox 821 955 987 1021; x_wconf 86' lang='lat' dir='ltr'><strong>materiae</strong></span> <span class='ocrx_word' id='word_1_37' title='bbox 1011 956 1167 1041; x_wconf 83' lang='lat' dir='ltr'><strong>modum,</strong></span> <span class='ocrx_word' id='word_1_38' title='bbox 1191 956 1235 1021; x_wconf 89' lang='lat' dir='ltr'><strong>ad</strong></span> <span class='ocrx_word' id='word_1_39' title='bbox 1258 956 1389 1021; x_wconf 87' lang='lat' dir='ltr'><strong>formae</strong></span> 
     </span>
    </p>

    <p class='ocr_par' dir='ltr' id='par_1_3' title="bbox 201 1079 1391 1416">
     <span class='ocr_line' id='line_1_6' title="bbox 201 1079 1390 1167; baseline 0.003 -25"><span class='ocrx_word' id='word_1_40' title='bbox 201 1079 361 1145; x_wconf 78' lang='lat' dir='ltr'><strong>bautem</strong></span> <span class='ocrx_word' id='word_1_41' title='bbox 387 1079 526 1146; x_wconf 87' lang='lat' dir='ltr'><strong>modum</strong></span> <span class='ocrx_word' id='word_1_42' title='bbox 558 1080 796 1167; x_wconf 88' lang='lat' dir='ltr'><strong>quodcumque</strong></span> <span class='ocrx_word' id='word_1_43' title='bbox 827 1081 992 1146; x_wconf 86' lang='lat' dir='ltr'><strong>continet.</strong></span> <span class='ocrx_word' id='word_1_44' title='bbox 1022 1081 1123 1148; x_wconf 88' lang='lat' dir='ltr'><strong>Nona</strong></span> <span class='ocrx_word' id='word_1_45' title='bbox 1153 1082 1246 1167; x_wconf 84' lang='lat' dir='ltr'><strong>quod</strong></span> <span class='ocrx_word' id='word_1_46' title='bbox 1277 1083 1318 1147; x_wconf 82' lang='lat' dir='ltr'><strong>de</strong></span> <span class='ocrx_word' id='word_1_47' title='bbox 1347 1082 1390 1147; x_wconf 88' lang='lat' dir='ltr'><strong>iis</strong></span> 
     </span>
     <span class='ocr_line' id='line_1_7' title="bbox 245 1205 1391 1293; baseline 0.002 -23"><span class='ocrx_word' id='word_1_48' title='bbox 245 1205 391 1271; x_wconf 85' lang='lat' dir='ltr'><strong>crassius</strong></span> <span class='ocrx_word' id='word_1_49' title='bbox 403 1212 437 1271; x_wconf 93' lang='lat' dir='ltr'><strong>et</strong></span> <span class='ocrx_word' id='word_1_50' title='bbox 449 1205 628 1272; x_wconf 81' lang='lat' dir='ltr'><strong>obscurius</strong></span> <span class='ocrx_word' id='word_1_51' title='bbox 644 1212 696 1272; x_wconf 87' lang='lat' dir='ltr'><strong>est</strong></span> <span class='ocrx_word' id='word_1_52' title='bbox 711 1206 892 1272; x_wconf 87' lang='lat' dir='ltr'><strong>definitum</strong></span> <span class='ocrx_word' id='word_1_53' title='bbox 911 1206 955 1271; x_wconf 89' lang='lat' dir='ltr'><strong>ab</strong></span> <span class='ocrx_word' id='word_1_54' title='bbox 971 1206 1060 1293; x_wconf 83' lang='lat' dir='ltr'><strong>ipsc,</strong></span> <span class='ocrx_word' id='word_1_55' title='bbox 1081 1206 1123 1272; x_wconf 80' lang='lat' dir='ltr'><strong>(le</strong></span> <span class='ocrx_word' id='word_1_56' title='bbox 1139 1206 1267 1272; x_wconf 87' lang='lat' dir='ltr'><strong>eisdem</strong></span> <span class='ocrx_word' id='word_1_57' title='bbox 1285 1229 1391 1292; x_wconf 92' lang='lat' dir='ltr'><strong>quan·</strong></span> 
     </span>
     <span class='ocr_line' id='line_1_8' title="bbox 244 1328 1050 1416; baseline 0 -21"><span class='ocrx_word' id='word_1_58' title='bbox 244 1328 355 1416; x_wconf 87' lang='lat' dir='ltr'><strong>doque</strong></span> <span class='ocrx_word' id='word_1_59' title='bbox 374 1330 538 1397; x_wconf 90' lang='lat' dir='ltr'><strong>subtilius</strong></span> <span class='ocrx_word' id='word_1_60' title='bbox 554 1330 749 1416; x_wconf 89' lang='lat' dir='ltr'><strong>clariusque</strong></span> <span class='ocrx_word' id='word_1_61' title='bbox 767 1331 1050 1397; x_wconf 78' lang='lat' dir='ltr'><strong>determinatum.</strong></span> 
     </span>
    </p>
   </div>
   <div class='ocr_carea' id='block_1_3' title="bbox 704 1689 932 1757">
    <p class='ocr_par' dir='ltr' id='par_1_4' title="bbox 704 1689 932 1757">
     <span class='ocr_line' id='line_1_9' title="bbox 704 1689 932 1757; baseline 0.013 -4"><span class='ocrx_word' id='word_1_62' title='bbox 704 1689 856 1757; x_wconf 80' lang='lat' dir='ltr'><strong>OAPVT</strong></span> <span class='ocrx_word' id='word_1_63' title='bbox 886 1691 932 1756; x_wconf 91' lang='lat' dir='ltr'><strong>ll.</strong></span> 
     </span>
    </p>
   </div>
   <div class='ocr_carea' id='block_1_4' title="bbox 410 1851 1223 1905">
    <p class='ocr_par' dir='ltr' id='par_1_5' title="bbox 410 1851 1223 1905">
     <span class='ocr_line' id='line_1_10' title="bbox 410 1851 1223 1905; baseline 0.004 -14"><span class='ocrx_word' id='word_1_64' title='bbox 410 1851 445 1891; x_wconf 78' lang='lat' dir='ltr'><strong>Da</strong></span> <span class='ocrx_word' id='word_1_65' title='bbox 456 1862 541 1903; x_wconf 71' lang='lat' dir='ltr'><strong>vacuo,</strong></span> <span class='ocrx_word' id='word_1_66' title='bbox 552 1852 612 1901; x_wconf 81' lang='lat' dir='ltr'><strong>quod</strong></span> <span class='ocrx_word' id='word_1_67' title='bbox 624 1856 659 1892; x_wconf 75' lang='lat' dir='ltr'><strong>aa</strong></span> <span class='ocrx_word' id='word_1_68' title='bbox 669 1853 761 1893; x_wconf 77' lang='lat' dir='ltr'><strong>tortlum</strong></span> <span class='ocrx_word' id='word_1_69' title='bbox 772 1858 844 1894; x_wconf 81' lang='lat' dir='ltr'><strong>motas</strong></span> <span class='ocrx_word' id='word_1_70' title='bbox 856 1854 1062 1895; x_wconf 78' lang='lat' dir='ltr'><strong>considerationum</strong></span> <span class='ocrx_word' id='word_1_71' title='bbox 1072 1865 1223 1905; x_wconf 78' lang='lat' dir='ltr'><strong>consequens.</strong></span> 
     </span>
    </p>
   </div>
   <div class='ocr_carea' id='block_1_5' title="bbox 700 2241 929 2287">
    <p class='ocr_par' dir='ltr' id='par_1_6' title="bbox 700 2241 929 2287">
     <span class='ocr_line' id='line_1_11' title="bbox 700 2241 929 2287; baseline 0 -1"><span class='ocrx_word' id='word_1_72' title='bbox 700 2241 884 2287; x_wconf 82' lang='lat' dir='ltr'>AR&#39;I&#39;ICVLVS</span> <span class='ocrx_word' id='word_1_73' title='bbox 907 2243 929 2286; x_wconf 93' lang='lat'><strong>1.</strong></span> 
     </span>
    </p>
   </div>
   <div class='ocr_carea' id='block_1_6' title="bbox 403 2383 1224 2506">
    <p class='ocr_par' dir='ltr' id='par_1_7' title="bbox 403 2383 1224 2506">
     <span class='ocr_line' id='line_1_12' title="bbox 403 2383 1224 2436; baseline 0 -11"><span class='ocrx_word' id='word_1_74' title='bbox 403 2383 468 2432; x_wconf 82' lang='lat' dir='ltr'><strong>Quod</strong></span> <span class='ocrx_word' id='word_1_75' title='bbox 483 2383 511 2423; x_wconf 83' lang='lat' dir='ltr'><strong>ad</strong></span> <span class='ocrx_word' id='word_1_76' title='bbox 526 2383 654 2424; x_wconf 75' lang='lat' dir='ltr'><strong>naturalem</strong></span> <span class='ocrx_word' id='word_1_77' title='bbox 668 2384 798 2433; x_wconf 74' lang='lat' dir='ltr'><strong>spectatae</strong></span> <span class='ocrx_word' id='word_1_78' title='bbox 812 2395 883 2424; x_wconf 80' lang='lat' dir='ltr'><strong>vacuo</strong></span> <span class='ocrx_word' id='word_1_79' title='bbox 898 2386 997 2424; x_wconf 77' lang='lat' dir='ltr'><strong>tractato</strong></span> <span class='ocrx_word' id='word_1_80' title='bbox 1011 2384 1069 2424; x_wconf 81' lang='lat' dir='ltr'><strong>alent</strong></span> <span class='ocrx_word' id='word_1_81' title='bbox 1083 2388 1106 2425; x_wconf 78' lang='lat' dir='ltr'><strong>et</strong></span> <span class='ocrx_word' id='word_1_82' title='bbox 1120 2385 1148 2425; x_wconf 86' lang='lat' dir='ltr'><strong>do</strong></span> <span class='ocrx_word' id='word_1_83' title='bbox 1163 2385 1224 2436; x_wconf 82' lang='lat' dir='ltr'><strong>loco,</strong></span> 
     </span>
     <span class='ocr_line' id='line_1_13' title="bbox 511 2452 1116 2506; baseline 0.002 -10"><span class='ocrx_word' id='word_1_84' title='bbox 511 2455 657 2504; x_wconf 69' lang='lat' dir='ltr'><strong>ecquomodo</strong></span> <span class='ocrx_word' id='word_1_85' title='bbox 672 2452 832 2506; x_wconf 72' lang='lat' dir='ltr'><strong>multiplieiter</strong></span> <span class='ocrx_word' id='word_1_86' title='bbox 846 2467 860 2496; x_wconf 78' lang='lat' dir='ltr'><strong>a</strong></span> <span class='ocrx_word' id='word_1_87' title='bbox 872 2452 970 2496; x_wconf 76' lang='lat' dir='ltr'><strong>diventa</strong></span> <span class='ocrx_word' id='word_1_88' title='bbox 984 2456 1116 2498; x_wconf 77' lang='lat' dir='ltr'><strong>definiatur.</strong></span> 
     </span>
    </p>
   </div>
   <div class='ocr_carea' id='block_1_7' title="bbox 330 2707 1499 2799">
    <p class='ocr_par' dir='ltr' id='par_1_8' title="bbox 330 2707 1499 2799">
     <span class='ocr_line' id='line_1_14' title="bbox 330 2707 1499 2799; baseline -0.002 -22"><span class='ocrx_word' id='word_1_89' title='bbox 330 2713 477 2799; x_wconf 77' lang='lat' dir='ltr'><strong>Propter</strong></span> <span class='ocrx_word' id='word_1_90' title='bbox 496 2710 643 2776; x_wconf 84' lang='lat' dir='ltr'><strong>similam</strong></span> <span class='ocrx_word' id='word_1_91' title='bbox 663 2733 740 2776; x_wconf 90' lang='lat' dir='ltr'><strong>cum</strong></span> <span class='ocrx_word' id='word_1_92' title='bbox 760 2732 800 2775; x_wconf 89' lang='lat' dir='ltr'><strong>ea</strong></span> <span class='ocrx_word' id='word_1_93' title='bbox 820 2732 907 2795; x_wconf 88' lang='lat' dir='ltr'><strong>quae</strong></span> <span class='ocrx_word' id='word_1_94' title='bbox 931 2709 1065 2775; x_wconf 82' lang='lat' dir='ltr'><strong>deloco</strong></span> <span class='ocrx_word' id='word_1_95' title='bbox 1084 2715 1135 2775; x_wconf 89' lang='lat' dir='ltr'><strong>est</strong></span> <span class='ocrx_word' id='word_1_96' title='bbox 1158 2707 1261 2774; x_wconf 84' lang='lat' dir='ltr'><strong>fidem</strong></span> <span class='ocrx_word' id='word_1_97' title='bbox 1280 2715 1314 2774; x_wconf 91' lang='lat' dir='ltr'><strong>et</strong></span> <span class='ocrx_word' id='word_1_98' title='bbox 1334 2709 1384 2775; x_wconf 92' lang='lat' dir='ltr'><strong>in·</strong></span> <span class='ocrx_word' id='word_1_99' title='bbox 1409 2712 1499 2777; x_wconf 70' lang='lat' dir='ltr'><strong>29r</strong></span> 
     </span>
    </p>
   </div>
   <div class='ocr_carea' id='block_1_8' title="bbox 172 2834 1388 4432">
    <p class='ocr_par' dir='ltr' id='par_1_9' title="bbox 172 2834 1388 4432">
     <span class='ocr_line' id='line_1_15' title="bbox 241 2834 1387 2922; baseline -0.004 -18"><span class='ocrx_word' id='word_1_100' title='bbox 241 2837 479 2904; x_wconf 87' lang='lat' dir='ltr'><strong>credulitatem</strong></span> <span class='ocrx_word' id='word_1_101' title='bbox 497 2837 548 2902; x_wconf 90' lang='lat' dir='ltr'><strong>ait</strong></span> <span class='ocrx_word' id='word_1_102' title='bbox 568 2835 772 2901; x_wconf 90' lang='lat' dir='ltr'><strong>Aristoteles</strong></span> <span class='ocrx_word' id='word_1_103' title='bbox 789 2834 971 2922; x_wconf 87' lang='lat' dir='ltr'><strong>physicum</strong></span> <span class='ocrx_word' id='word_1_104' title='bbox 986 2834 1109 2900; x_wconf 87' lang='lat' dir='ltr'><strong>debere</strong></span> <span class='ocrx_word' id='word_1_105' title='bbox 1128 2834 1169 2899; x_wconf 91' lang='lat' dir='ltr'><strong>de</strong></span> <span class='ocrx_word' id='word_1_106' title='bbox 1184 2857 1293 2901; x_wconf 89' lang='lat' dir='ltr'><strong>vacuo</strong></span> <span class='ocrx_word' id='word_1_107' title='bbox 1309 2857 1387 2900; x_wconf 91' lang='lat' dir='ltr'><strong>con-</strong></span> 
     </span>
     <span class='ocr_line' id='line_1_16' title="bbox 175 2959 1385 3048; baseline -0.008 -13"><span class='ocrx_word' id='word_1_108' title='bbox 175 2971 217 3036; x_wconf 79' lang='lat'><strong>15</strong></span> <span class='ocrx_word' id='word_1_109' title='bbox 240 2964 406 3048; x_wconf 88' lang='lat' dir='ltr'><strong>siderare;</strong></span> <span class='ocrx_word' id='word_1_110' title='bbox 427 2962 546 3028; x_wconf 88' lang='lat' dir='ltr'><strong>multis</strong></span> <span class='ocrx_word' id='word_1_111' title='bbox 564 2961 656 3028; x_wconf 89' lang='lat' dir='ltr'><strong>enim</strong></span> <span class='ocrx_word' id='word_1_112' title='bbox 673 2984 820 3029; x_wconf 89' lang='lat' dir='ltr'><strong>vacuum</strong></span> <span class='ocrx_word' id='word_1_113' title='bbox 835 2960 973 3027; x_wconf 84' lang='lat' dir='ltr'><strong>videtur</strong></span> <span class='ocrx_word' id='word_1_114' title='bbox 987 2983 1059 3026; x_wconf 87' lang='lat' dir='ltr'><strong>esse</strong></span> <span class='ocrx_word' id='word_1_115' title='bbox 1073 2959 1180 3044; x_wconf 89' lang='lat' dir='ltr'><strong>locus,</strong></span> <span class='ocrx_word' id='word_1_116' title='bbox 1197 2968 1236 3026; x_wconf 92' lang='lat' dir='ltr'><strong>ut</strong></span> <span class='ocrx_word' id='word_1_117' title='bbox 1252 2983 1293 3026; x_wconf 84' lang='lat' dir='ltr'><strong>ex</strong></span> <span class='ocrx_word' id='word_1_118' title='bbox 1313 2960 1385 3026; x_wconf 90' lang='lat' dir='ltr'><strong>eius</strong></span> 
     </span>
     <span class='ocr_line' id='line_1_17' title="bbox 239 3085 1386 3177; baseline -0.003 -22"><span class='ocrx_word' id='word_1_119' title='bbox 239 3089 426 3177; x_wconf 89' lang='lat' dir='ltr'><strong>multiplici</strong></span> <span class='ocrx_word' id='word_1_120' title='bbox 445 3087 646 3155; x_wconf 86' lang='lat' dir='ltr'><strong>definitione</strong></span> <span class='ocrx_word' id='word_1_121' title='bbox 664 3093 771 3175; x_wconf 89' lang='lat' dir='ltr'><strong>patet.</strong></span> <span class='ocrx_word' id='word_1_122' title='bbox 791 3085 908 3152; x_wconf 90' lang='lat' dir='ltr'><strong>Primo</strong></span> <span class='ocrx_word' id='word_1_123' title='bbox 928 3087 1055 3152; x_wconf 81' lang='lat' dir='ltr'><strong>etenim</strong></span> <span class='ocrx_word' id='word_1_124' title='bbox 1074 3109 1222 3152; x_wconf 75' lang='lat' dir='ltr'><strong>vaciaum</strong></span> <span class='ocrx_word' id='word_1_125' title='bbox 1248 3086 1386 3173; x_wconf 86' lang='lat' dir='ltr'><strong>quibus·</strong></span> 
     </span>
     <span class='ocr_line' id='line_1_18' title="bbox 238 3211 1386 3299; baseline -0.003 -19"><span class='ocrx_word' id='word_1_126' title='bbox 238 3213 318 3280; x_wconf 88' lang='lat' dir='ltr'><strong>dam</strong></span> <span class='ocrx_word' id='word_1_127' title='bbox 337 3214 515 3298; x_wconf 86' lang='lat' dir='ltr'><strong>definitur,</strong></span> <span class='ocrx_word' id='word_1_128' title='bbox 540 3213 631 3299; x_wconf 90' lang='lat' dir='ltr'><strong>quod</strong></span> <span class='ocrx_word' id='word_1_129' title='bbox 661 3234 731 3277; x_wconf 92' lang='lat' dir='ltr'><strong>non</strong></span> <span class='ocrx_word' id='word_1_130' title='bbox 750 3212 855 3278; x_wconf 90' lang='lat' dir='ltr'><strong>habet</strong></span> <span class='ocrx_word' id='word_1_131' title='bbox 873 3213 998 3277; x_wconf 90' lang='lat' dir='ltr'><strong>molem</strong></span> <span class='ocrx_word' id='word_1_132' title='bbox 1027 3211 1123 3278; x_wconf 89' lang='lat' dir='ltr'><strong>cuius</strong></span> <span class='ocrx_word' id='word_1_133' title='bbox 1146 3218 1198 3276; x_wconf 87' lang='lat' dir='ltr'><strong>est</strong></span> <span class='ocrx_word' id='word_1_134' title='bbox 1222 3212 1386 3298; x_wconf 83' lang='lat' dir='ltr'><strong>suscepti-</strong></span> 
     </span>
     <span class='ocr_line' id='line_1_19' title="bbox 238 3337 1384 3427; baseline -0.003 -21"><span class='ocrx_word' id='word_1_135' title='bbox 238 3362 335 3423; x_wconf 79' lang='lat' dir='ltr'><strong>vum,</strong></span> <span class='ocrx_word' id='word_1_136' title='bbox 355 3340 449 3427; x_wconf 87' lang='lat' dir='ltr'><strong>quod</strong></span> <span class='ocrx_word' id='word_1_137' title='bbox 472 3339 563 3406; x_wconf 87' lang='lat' dir='ltr'><strong>idem</strong></span> <span class='ocrx_word' id='word_1_138' title='bbox 581 3341 723 3426; x_wconf 88' lang='lat' dir='ltr'><strong>plenum</strong></span> <span class='ocrx_word' id='word_1_139' title='bbox 753 3345 805 3404; x_wconf 87' lang='lat' dir='ltr'><strong>est</strong></span> <span class='ocrx_word' id='word_1_140' title='bbox 832 3361 909 3403; x_wconf 91' lang='lat' dir='ltr'><strong>cum</strong></span> <span class='ocrx_word' id='word_1_141' title='bbox 940 3337 1104 3424; x_wconf 88' lang='lat' dir='ltr'><strong>suscepit;</strong></span> <span class='ocrx_word' id='word_1_142' title='bbox 1124 3337 1250 3424; x_wconf 89' lang='lat' dir='ltr'><strong>quibus</strong></span> <span class='ocrx_word' id='word_1_143' title='bbox 1269 3360 1384 3403; x_wconf 88' lang='lat' dir='ltr'><strong>conse·</strong></span> 
     </span>
     <span class='ocr_line' id='line_1_20' title="bbox 239 3463 1386 3552; baseline -0.002 -21"><span class='ocrx_word' id='word_1_144' title='bbox 239 3472 385 3549; x_wconf 90' lang='lat' dir='ltr'><strong>quenter</strong></span> <span class='ocrx_word' id='word_1_145' title='bbox 407 3487 478 3531; x_wconf 92' lang='lat' dir='ltr'><strong>non</strong></span> <span class='ocrx_word' id='word_1_146' title='bbox 502 3463 619 3530; x_wconf 86' lang='lat' dir='ltr'><strong>differt</strong></span> <span class='ocrx_word' id='word_1_147' title='bbox 641 3464 797 3552; x_wconf 89' lang='lat' dir='ltr'><strong>plenum,</strong></span> <span class='ocrx_word' id='word_1_148' title='bbox 814 3486 959 3530; x_wconf 77' lang='lat' dir='ltr'><strong>uacuum</strong></span> <span class='ocrx_word' id='word_1_149' title='bbox 984 3470 1088 3549; x_wconf 82' lang='lat' dir='ltr'><strong>atque</strong></span> <span class='ocrx_word' id='word_1_150' title='bbox 1106 3464 1211 3529; x_wconf 82' lang='lat' dir='ltr'><strong>loona.</strong></span> <span class='ocrx_word' id='word_1_151' title='bbox 1229 3463 1386 3529; x_wconf 85' lang='lat' dir='ltr'><strong>Secundo</strong></span> 
     </span>
     <span class='ocr_line' id='line_1_21' title="bbox 172 3589 1388 3677; baseline -0.004 -17"><span class='ocrx_word' id='word_1_152' title='bbox 172 3597 218 3660; x_wconf 82' lang='lat'><strong>20</strong></span> <span class='ocrx_word' id='word_1_153' title='bbox 240 3589 301 3656; x_wconf 90' lang='lat' dir='ltr'><strong>alii</strong></span> <span class='ocrx_word' id='word_1_154' title='bbox 320 3590 506 3673; x_wconf 85' lang='lat' dir='ltr'><strong>definiunt,</strong></span> <span class='ocrx_word' id='word_1_155' title='bbox 526 3590 619 3676; x_wconf 83' lang='lat' dir='ltr'><strong>quod</strong></span> <span class='ocrx_word' id='word_1_156' title='bbox 637 3589 726 3654; x_wconf 92' lang='lat' dir='ltr'><strong>nihil</strong></span> <span class='ocrx_word' id='word_1_157' title='bbox 745 3596 797 3654; x_wconf 86' lang='lat' dir='ltr'><strong>est</strong></span> <span class='ocrx_word' id='word_1_158' title='bbox 815 3597 953 3676; x_wconf 86' lang='lat' dir='ltr'><strong>praeter</strong></span> <span class='ocrx_word' id='word_1_159' title='bbox 971 3589 1137 3677; x_wconf 87' lang='lat' dir='ltr'><strong>spacium.</strong></span> <span class='ocrx_word' id='word_1_160' title='bbox 1156 3590 1275 3676; x_wconf 87' lang='lat' dir='ltr'><strong>Ipsum</strong></span> <span class='ocrx_word' id='word_1_161' title='bbox 1299 3589 1388 3655; x_wconf 66' lang='lat' dir='ltr'><strong>llice·</strong></span> 
     </span>
     <span class='ocr_line' id='line_1_22' title="bbox 239 3713 1387 3802; baseline -0.002 -21"><span class='ocrx_word' id='word_1_162' title='bbox 239 3715 326 3781; x_wconf 88' lang='lat' dir='ltr'><strong>bant</strong></span> <span class='ocrx_word' id='word_1_163' title='bbox 345 3740 418 3782; x_wconf 88' lang='lat' dir='ltr'><strong>esse</strong></span> <span class='ocrx_word' id='word_1_164' title='bbox 438 3724 566 3802; x_wconf 67' lang='lat' dir='ltr'><strong>aerem,</strong></span> <span class='ocrx_word' id='word_1_165' title='bbox 587 3715 713 3802; x_wconf 88' lang='lat' dir='ltr'><strong>quibus</strong></span> <span class='ocrx_word' id='word_1_166' title='bbox 730 3721 857 3780; x_wconf 90' lang='lat' dir='ltr'><strong>temere</strong></span> <span class='ocrx_word' id='word_1_167' title='bbox 873 3713 1099 3801; x_wconf 84' lang='lat' dir='ltr'><strong>Anaxagoras</strong></span> <span class='ocrx_word' id='word_1_168' title='bbox 1118 3714 1274 3780; x_wconf 84' lang='lat' dir='ltr'><strong>obtrudit</strong></span> <span class='ocrx_word' id='word_1_169' title='bbox 1293 3722 1387 3780; x_wconf 87' lang='lat' dir='ltr'><strong>utres</strong></span> 
     </span>
     <span class='ocr_line' id='line_1_23' title="bbox 241 3840 1388 3931; baseline -0.001 -25"><span class='ocrx_word' id='word_1_170' title='bbox 241 3863 329 3926; x_wconf 88' lang='lat' dir='ltr'><strong>quae</strong></span> <span class='ocrx_word' id='word_1_171' title='bbox 348 3849 427 3906; x_wconf 72' lang='lat' dir='ltr'><strong>aere</strong></span> <span class='ocrx_word' id='word_1_172' title='bbox 446 3841 598 3928; x_wconf 80' lang='lat' dir='ltr'><strong>repletae</strong></span> <span class='ocrx_word' id='word_1_173' title='bbox 628 3863 794 3926; x_wconf 84' lang='lat' dir='ltr'><strong>magnum</strong></span> <span class='ocrx_word' id='word_1_174' title='bbox 825 3840 961 3928; x_wconf 83' lang='lat' dir='ltr'><strong>pondus</strong></span> <span class='ocrx_word' id='word_1_175' title='bbox 993 3842 1183 3926; x_wconf 75' lang='lat' dir='ltr'><strong>sustinent,</strong></span> <span class='ocrx_word' id='word_1_176' title='bbox 1203 3847 1237 3905; x_wconf 86' lang='lat' dir='ltr'><strong>et</strong></span> <span class='ocrx_word' id='word_1_177' title='bbox 1257 3841 1388 3931; x_wconf 85' lang='lat' dir='ltr'><strong>clepsy-</strong></span> 
     </span>
     <span class='ocr_line' id='line_1_24' title="bbox 239 3966 1384 4055; baseline -0.001 -23"><span class='ocrx_word' id='word_1_178' title='bbox 239 3966 318 4033; x_wconf 91' lang='lat' dir='ltr'><strong>dras</strong></span> <span class='ocrx_word' id='word_1_179' title='bbox 352 3990 443 4053; x_wconf 90' lang='lat' dir='ltr'><strong>aqua</strong></span> <span class='ocrx_word' id='word_1_180' title='bbox 470 3967 590 4055; x_wconf 89' lang='lat' dir='ltr'><strong>plenas</strong></span> <span class='ocrx_word' id='word_1_181' title='bbox 625 3989 771 4053; x_wconf 91' lang='lat' dir='ltr'><strong>quarum</strong></span> <span class='ocrx_word' id='word_1_182' title='bbox 801 3967 958 4053; x_wconf 88' lang='lat' dir='ltr'><strong>superius</strong></span> <span class='ocrx_word' id='word_1_183' title='bbox 989 3966 1145 4032; x_wconf 88' lang='lat' dir='ltr'><strong>foramen</strong></span> <span class='ocrx_word' id='word_1_184' title='bbox 1179 3966 1384 4033; x_wconf 87' lang='lat' dir='ltr'><strong>obstruitur.</strong></span> 
     </span>
     <span class='ocr_line' id='line_1_25' title="bbox 239 4091 1387 4180; baseline 0 -22"><span class='ocrx_word' id='word_1_185' title='bbox 239 4093 357 4160; x_wconf 82' lang='lat' dir='ltr'><strong>Tertio</strong></span> <span class='ocrx_word' id='word_1_186' title='bbox 377 4101 459 4159; x_wconf 90' lang='lat' dir='ltr'><strong>sunt</strong></span> <span class='ocrx_word' id='word_1_187' title='bbox 479 4092 538 4179; x_wconf 90' lang='lat' dir='ltr'><strong>qui</strong></span> <span class='ocrx_word' id='word_1_188' title='bbox 562 4091 732 4158; x_wconf 87' lang='lat' dir='ltr'><strong>definiunt</strong></span> <span class='ocrx_word' id='word_1_189' title='bbox 752 4092 882 4179; x_wconf 87' lang='lat' dir='ltr'><strong>ipsum,</strong></span> <span class='ocrx_word' id='word_1_190' title='bbox 911 4093 1063 4159; x_wconf 77' lang='lat' dir='ltr'><strong>dicentes</strong></span> <span class='ocrx_word' id='word_1_191' title='bbox 1092 4092 1245 4180; x_wconf 86' lang='lat' dir='ltr'><strong>spacium</strong></span> <span class='ocrx_word' id='word_1_192' title='bbox 1266 4092 1387 4177; x_wconf 88' lang='lat' dir='ltr'><strong>inquo</strong></span> 
     </span>
     <span class='ocr_line' id='line_1_26' title="bbox 172 4217 1387 4304; baseline -0.002 -18"><span class='ocrx_word' id='word_1_193' title='bbox 172 4221 216 4287; x_wconf 74' lang='lat'><strong>25</strong></span> <span class='ocrx_word' id='word_1_194' title='bbox 239 4219 375 4284; x_wconf 89' lang='lat' dir='ltr'><strong>nullum</strong></span> <span class='ocrx_word' id='word_1_195' title='bbox 395 4224 447 4284; x_wconf 89' lang='lat' dir='ltr'><strong>est</strong></span> <span class='ocrx_word' id='word_1_196' title='bbox 466 4217 627 4283; x_wconf 83' lang='lat' dir='ltr'><strong>sensibile</strong></span> <span class='ocrx_word' id='word_1_197' title='bbox 647 4240 780 4304; x_wconf 86' lang='lat' dir='ltr'><strong>corpus.</strong></span> <span class='ocrx_word' id='word_1_198' title='bbox 801 4217 932 4295; x_wconf 75' lang='lat' dir='ltr'><strong>Qraarto</strong></span> <span class='ocrx_word' id='word_1_199' title='bbox 952 4218 1190 4284; x_wconf 84' lang='lat' dir='ltr'><strong>existimantes</strong></span> <span class='ocrx_word' id='word_1_200' title='bbox 1207 4241 1307 4283; x_wconf 85' lang='lat' dir='ltr'><strong>omne</strong></span> <span class='ocrx_word' id='word_1_201' title='bbox 1327 4242 1387 4284; x_wconf 84' lang='lat' dir='ltr'><strong>ens</strong></span> 
     </span>
     <span class='ocr_line' id='line_1_27' title="bbox 239 4343 1388 4432; baseline 0 -22"><span class='ocrx_word' id='word_1_202' title='bbox 239 4368 313 4410; x_wconf 87' lang='lat' dir='ltr'><strong>esse</strong></span> <span class='ocrx_word' id='word_1_203' title='bbox 332 4367 466 4432; x_wconf 62' lang='lat' dir='ltr'><strong>corpus</strong></span> <span class='ocrx_word' id='word_1_204' title='bbox 482 4367 629 4410; x_wconf 87' lang='lat' dir='ltr'><strong>vacuum</strong></span> <span class='ocrx_word' id='word_1_205' title='bbox 649 4343 771 4410; x_wconf 87' lang='lat' dir='ltr'><strong>dicunt</strong></span> <span class='ocrx_word' id='word_1_206' title='bbox 783 4343 820 4409; x_wconf 92' lang='lat' dir='ltr'><strong>in</strong></span> <span class='ocrx_word' id='word_1_207' title='bbox 838 4366 905 4430; x_wconf 89' lang='lat' dir='ltr'><strong>quo</strong></span> <span class='ocrx_word' id='word_1_208' title='bbox 921 4346 1061 4411; x_wconf 89' lang='lat' dir='ltr'><strong>omnino</strong></span> <span class='ocrx_word' id='word_1_209' title='bbox 1081 4345 1168 4411; x_wconf 88' lang='lat' dir='ltr'><strong>nihil</strong></span> <span class='ocrx_word' id='word_1_210' title='bbox 1182 4353 1243 4411; x_wconf 84' lang='lat' dir='ltr'><strong>est.</strong></span> <span class='ocrx_word' id='word_1_211' title='bbox 1263 4346 1388 4424; x_wconf 82' lang='lat' dir='ltr'><strong>Quam·</strong></span> 
     </span>
    </p>
   </div>
   <div class='ocr_carea' id='block_1_9' title="bbox 238 4471 1386 4558">
    <p class='ocr_par' dir='ltr' id='par_1_10' title="bbox 238 4471 1386 4558">
     <span class='ocr_line' id='line_1_28' title="bbox 238 4471 1386 4558; baseline -0.001 -19"><span class='ocrx_word' id='word_1_212' title='bbox 238 4471 353 4539; x_wconf 81' lang='lat' dir='ltr'><strong>obrem</strong></span> <span class='ocrx_word' id='word_1_213' title='bbox 375 4479 452 4536; x_wconf 70' lang='lat' dir='ltr'><strong>a&#39;erc</strong></span> <span class='ocrx_word' id='word_1_214' title='bbox 471 4471 612 4558; x_wconf 90' lang='lat' dir='ltr'><strong>plenum</strong></span> <span class='ocrx_word' id='word_1_215' title='bbox 638 4492 785 4536; x_wconf 88' lang='lat' dir='ltr'><strong>vacuum</strong></span> <span class='ocrx_word' id='word_1_216' title='bbox 809 4471 1050 4558; x_wconf 82' lang='lat' dir='ltr'><strong>appellabant,</strong></span> <span class='ocrx_word' id='word_1_217' title='bbox 1071 4479 1192 4538; x_wconf 87' lang='lat' dir='ltr'><strong>contra</strong></span> <span class='ocrx_word' id='word_1_218' title='bbox 1209 4495 1294 4558; x_wconf 84' lang='lat' dir='ltr'><strong>quos</strong></span> <span class='ocrx_word' id='word_1_219' title='bbox 1315 4495 1386 4538; x_wconf 89' lang='lat' dir='ltr'><strong>non</strong></span> 
     </span>
    </p>
   </div>
   <div class='ocr_carea' id='block_1_10' title="bbox 0 0 1714 5190">
    <p class='ocr_par' dir='ltr' id='par_1_11' title="bbox 0 0 1714 5190">
     <span class='ocr_line' id='line_1_29' title="bbox 0 0 1714 5190; baseline 0 0"><span class='ocrx_word' id='word_1_220' title='bbox 0 0 1714 5190; x_wconf 95' lang='lat' dir='ltr'><strong> </strong></span> 
     </span>
    </p>
   </div>
  </div>
 </body>
</html>
