3420 5190
233 398 271 458 66
672 409 813 455 rounam
833 410 936 455 aaran

233 567 437 633 distinctum
461 573 580 632 contra
601 568 604 653 t
625 565 853 653 impossibile,
873 572 912 632 ut
931 565 1024 652 apud
1049 565 1193 651 logicosu
1216 564 1278 650 qui
1296 587 1377 650 qua·
1404 567 1544 632 6οΜ

234 702 313 760 tuor
348 698 485 780 ponunt
517 691 794 778 propositionum
835 689 952 756 modos
991 690 1088 756 iuxta
1126 690 1374 774 neceesarium,

235 817 461 906 impossibile,
492 816 673 905 possibile,
708 816 922 902 contingens.
956 817 1108 882 Rursum
1147 817 1377 882 necessarium

235 943 404 1031 accipitur
435 943 559 1009 latiore
587 941 842 1029 significatione
871 963 934 1029 pro
972 964 1010 1008 eo
1045 941 1136 1026 quod
1164 948 1279 1028 potest
1314 942 1375 1007 ali-

191 1073 288 1137 bter
320 1092 407 1153 esse,
436 1091 508 1135 non
543 1075 661 1133 tamen
692 1066 761 1133 nisi
790 1066 1018 1151 incommode,
1047 1066 1138 1133 unde
1165 1067 1377 1133 necessarius

235 1193 364 1259 dieitur
374 1215 481 1280 equus
494 1193 537 1259 ad
549 1191 860 1280 perambulandum
876 1215 1041 1279 magnum
1056 1193 1136 1276 iter3
1148 1192 1239 1259 unde
1254 1192 1377 1258 distin·

234 1327 349 1406 guunt
375 1318 481 1404 logici
510 1318 740 1384 necessarium
766 1318 803 1383 in
828 1318 1032 1405 simpliciter
1058 1326 1093 1384 et
1117 1318 1162 1384 ad
1187 1319 1275 1385 bene
1293 1341 1379 1402 esse,

236 1453 275 1511 ut
296 1447 299 1535 i
320 1445 530 1511 necessarius
549 1444 677 1510 dicitur
699 1444 787 1510 liber
810 1445 997 1533 Porphyrii
1021 1445 1065 1512 ad
1087 1445 1252 1533 logicam,
1277 1468 1381 1531 quam
1406 1445 1520 1510 467
1536 1444 1581 1511 G

237 1570 311 1636 sine
340 1571 401 1636 illo
431 1576 548 1636 tamen
575 1569 763 1656 perfectam
795 1593 866 1636 esse
897 1570 1109 1657 intelligunt.
1140 1571 1380 1637 Necessarium

174 1704 215 1768 10
237 1695 342 1761 etiam
374 1695 501 1762 dicitur
533 1694 725 1788 violentum
753 1695 898 1781 quinto
927 1696 1316 1784 Metaphysicorum,
1342 1704 1381 1763 ut

239 1843 326 1907 quae
342 1822 452 1888 coacti
466 1820 610 1886 fecimus
633 1820 837 1886 necessitate
853 1822 1001 1906 quadam
1019 1822 1140 1888 fecisse
1163 1822 1325 1908 dicimur,
1342 1830 1382 1889 ut

239 1947 369 2034 sagitta
387 1947 478 2012 iacta
497 1946 687 2013 necessario
707 1947 871 2012 ascendit.

706 2272 814 2338 XLV.
839 2274 914 2339 Vm.

329 2566 399 2634 Ubi
418 2573 470 2632 est
488 2565 651 2650 intentio,
670 2587 738 2651 qua
762 2563 895 2652 aliquid
918 2564 1046 2631 alicubi
1069 2586 1141 2629 esse
1164 2562 1306 2644 dicitur;
1325 2560 1383 2626 ali·

176 2699 218 2765 lo
242 2693 322 2759 cubi
334 2715 415 2759 vcro
432 2714 504 2757 esse
523 2690 642 2756 multis
659 2689 786 2755 dicitur
804 2689 931 2774 modis,
951 2688 1237 2774 quemadmodum
1250 2695 1285 2753 ct
1298 2709 1385 2753 esse

242 2819 296 2902 in,
318 2841 403 2904 quos
433 2816 552 2883 modos
576 2839 679 2903 supra
698 2816 984 2881 enumeravimus¹
1005 2815 1075 2882 Ubi
1095 2814 1280 2901 dupliciter
1300 2813 1384 2879 dici·

241 2951 312 3009 tur:
333 2966 401 3010 uno
420 2951 523 3031 paeto
541 2942 714 3028 generice,
734 2948 773 3007 ut
790 2948 841 3006 est
866 2941 1040 3028 categoria
1065 2940 1232 3027 quaedam
1251 2964 1312 3027 per
1331 2964 1382 3022 se3

241 3069 308 3135 alio
325 3078 425 3155 puoto
442 3069 611 3155 specifice,
634 3077 668 3133 et
691 3069 755 3134 hoc
778 3076 879 3154 paeto
904 3075 955 3132 est
979 3067 1120 3153 specics,
1147 3090 1234 3151 quae
1257 3066 1384 3131 dicitur

241 3193 347 3279 loeus,
367 3195 426 3279 qui
442 3194 621 3281 potissima
638 3216 699 3259 sua
716 3193 968 3279 significatione
985 3203 1037 3257 est
1054 3193 1089 3257 iu
1105 3191 1383 3279 praedicamento

175 3333 219 3397 ‘20
242 3319 456 3406 quantitatis
486 3319 555 3386 Ubi
586 3343 722 3385 rursum
751 3320 909 3405 generice
938 3328 1115 3404 sumptum
1148 3327 1209 3382 aut
1249 3317 1385 3404 capitur

242 3445 394 3532 proprie,
417 3452 455 3510 ut
475 3453 526 3509 est
546 3445 674 3531 species
694 3445 784 3510 entis
803 3453 837 3510 et
861 3443 1034 3529 categoria
1059 3443 1223 3508 distincta
1243 3443 1286 3507 ab
1307 3443 1384 3508 aliis

242 3593 365 3636 novem
387 3577 433 3653 (et
450 3571 498 3636 sic
514 3571 616 3635 habet
633 3570 776 3657 species,
792 3570 943 3657 primum
956 3569 1185 3653 airbalternas,
1201 3592 1287 3654 quae
1305 3576 1386 3634 sunt

243 3696 280 3760 in
304 3696 410 3779 coelo,
436 3698 472 3760 in
497 3697 612 3780 astris,
637 3697 811 3782 usquead
839 3695 1135 3783 specialissimam,
1160 3719 1248 3781 quae
1272 3703 1324 3760 cst
1348 3694 1384 3758 iu

244 3822 356 3904 domo,
378 3822 577 3907 intemplo,
600 3844 744 3905 quorum
765 3821 944 3886 individua
964 3831 1044 3886 sunt
1069 3822 1106 3885 iu
1130 3845 1261 3905 mensa,
1282 3820 1319 3885 in
1339 3819 1385 3885 al-

177 3962 220 4024 ‘25
245 3947 336 4028 tari);
363 3947 429 4011 ulio
458 3959 559 4032 pacto
584 3947 731 4011 suuntur
762 3947 976 4012 communius
1000 3971 1038 4012 ca
1067 3948 1200 4012 rationo
1231 3969 1298 4031 qua
1327 3945 1384 4010 ali·

244 4072 394 4156 quidest
415 4072 419 4157 Ι
440 4071 581 4153 alieubi,
602 4071 690 4136 sicut
711 4072 802 4137 Deus
827 4072 953 4138 dicitur
970 4097 1040 4138 csse
1058 4073 1198 4158 ubique,
1217 4072 1332 4137 anirna
1349 4071 1385 4135 in
1413 4076 1542 4139 61M

244 4206 316 4265 toto
337 4219 485 4283 corpore.
509 4197 605 4261 Unde
630 4198 783 4281 sequitur
804 4199 994 4281 (intinctio,
1016 4222 1083 4283 qua
1106 4196 1237 4282 aliquid
1256 4195 1384 4261 alicubi

505 4466 510 4474 ⁹
530 4468 534 4479 1

336 4464 509 4534 ὅΡοηήιίτί]
533 4467 552 4514 Γ
613 4469 640 4515 ll
660 4474 757 4516 coacto
773 4472 795 4513 (ί
