3420 5190
690 433 831 479 lounuui
851 435 952 479 suvul

686 715 799 780 XLII.
824 716 954 782 Morus.

336 945 452 1011 Motus
471 946 620 1013 sumitur
638 947 832 1036 dupliciter.
851 947 968 1014 Primo
988 971 1051 1036 pro
1070 948 1166 1015 omni
1183 947 1391 1031 mutatione,

247 1074 282 1133 et
301 1068 351 1134 ita
370 1077 422 1135 est
445 1069 483 1134 in
507 1071 601 1137 omni
620 1071 909 1159 praedicamento.
934 1073 998 1138 Est
1021 1073 1114 1139 enim
1138 1078 1251 1139 motus
1275 1095 1393 1139 secun·

247 1192 329 1259 dum
353 1195 583 1262 substantiam
612 1197 804 1284 generatio,
829 1198 1019 1286 corruptio,
1044 1197 1230 1264 seeundum
1256 1197 1392 1284 quanti-

203 1316 223 1378 5
247 1325 354 1384 tatem
372 1321 624 1406 augmentati03
643 1320 831 1389 seeundum
851 1323 1053 1408 qualitatem
1073 1322 1246 1407 alteratio,
1267 1322 1391 1409 figura-

247 1443 309 1527 tio;
326 1445 513 1511 secundum
537 1447 740 1513 relationem
760 1447 765 1537 J
786 1447 989 1533 dominatio,
1008 1455 1048 1514 ut
1064 1447 1239 1534 significat
1257 1455 1390 1513 motum
1417 1451 1489 1515 58
1502 1454 1557 1516 Μ

246 1568 289 1634 ad
317 1568 427 1656 illam,
453 1577 494 1636 ut
521 1573 596 1638 fieri
621 1573 812 1654 dominum,
838 1573 1068 1659 magistratio,
1093 1572 1204 1638 idest
1228 1572 1391 1638 fierima·

244 1694 448 1781 gistratum3
473 1697 510 1762 in
536 1697 609 1782 ubi,
629 1705 669 1764 ut
692 1699 844 1765 ascensio
864 1698 938 1764 fieri
957 1720 1106 1781 sursum;
1124 1697 1162 1763 in
1179 1698 1330 1783 quando,
1351 1704 1390 1762 ut

246 1820 517 1887 continuatio-iu
536 1845 680 1906 annum,
700 1823 807 1889 fluxio
826 1822 870 1889 ad
888 1823 1023 1905 horam;
1043 1822 1179 1904 insitu,
1201 1831 1240 1887 ut
1260 1821 1389 1906 sedere,

181 1955 223 2018 10
246 1945 281 2010 id
300 1952 352 2011 est
374 1953 471 2013 actus
490 1947 534 2013 ad
553 1947 754 2031 sedendum,
775 1948 813 2013 in
831 1970 944 2033 agere,
970 1954 1010 2013 ut
1033 1947 1083 2012 ire
1101 1947 1145 2012 ad
1164 1945 1388 2031 movendum,

245 2070 497 2158 deponendum,
517 2072 554 2138 in
573 2072 661 2160 pati,
682 2080 720 2139 ut
739 2071 918 2138 intendere
936 2072 981 2138 ad
999 2070 1214 2153 discendum3
1234 2072 1272 2136 in
1288 2070 1390 2136 habe-

244 2217 294 2279 ro,
315 2203 354 2262 ut
371 2197 510 2262 uxorari
526 2204 561 2263 et
580 2197 703 2263 ducere
719 2220 870 2263 uxorem.
889 2196 1094 2263 Aristoteles
1110 2196 1148 2261 in
1160 2195 1273 2262 tribus
1291 2218 1390 2284 prae·

244 2318 449 2386 dieameutis
467 2321 577 2408 ponit.
593 2320 674 2386 Alio
690 2328 791 2407 pacto
811 2320 960 2386 sumitur
976 2319 1127 2407 proprio,
1146 2326 1186 2385 ut
1202 2325 1316 2386 motus
1335 2325 1388 2384 est

244 2445 412 2531 quaedam
429 2445 576 2512 mutatio
591 2469 650 2513 seu
667 2445 869 2511 mutationis
885 2445 1027 2532 speciem,
1042 2468 1109 2530 qua
1122 2445 1313 2530 acquiritur
1328 2464 1387 2509 no-

179 2578 221 2643 15
243 2593 326 2636 vum
349 2593 475 2637 nomen
494 2594 572 2637 oum
591 2569 738 2636 subiecti
757 2570 894 2635 mobilis
910 2569 1102 2636 variatione
1125 2568 1220 2634 situs.
1241 2568 1386 2646 Quando

243 2696 376 2782 aliquid
392 2703 554 2782 augetur,
574 2697 688 2783 ipsum
707 2694 900 2761 subiectum
919 2700 1083 2760 mutatur.

332 2823 448 2887 Motus
468 2829 520 2887 est
544 2821 684 2907 duplex,
703 2819 866 2907 physicus
886 2818 1047 2884 videlicet
1070 2825 1105 2883 et
1128 2817 1385 2906 metaphysious

243 2970 303 3012 sau
322 2946 585 3034 metaphoriuus.
609 2945 746 3010 Primus
766 2952 816 3009 est
836 2944 872 3008 in
892 2943 1044 3009 subiecto
1064 2966 1125 3030 por
1144 2966 1193 3025 se,
1215 2943 1384 3008 secundus

242 3096 322 3138 roro
353 3080 405 3136 ost
434 3095 496 3158 por
524 3070 694 3153 accidens,
716 3068 752 3132 id
781 3076 832 3133 est
856 3091 917 3154 per
941 3067 1047 3150 uliud,
1068 3068 1254 3132 secundum
1282 3091 1384 3154 quam

175 3209 218 3270 ‘20
242 3206 373 3264 motum
398 3199 489 3262 Deus
513 3197 640 3260 dicitur
669 3194 810 3276 moveri,
838 3193 911 3258 fieri
934 3193 1057 3277 iratus,
1082 3193 1223 3258 sinister
1246 3192 1380 3275 dexter,

241 3325 322 3411 quia
342 3345 403 3388 nos
420 3323 469 3387 ita
488 3323 671 3402 afficimur,
692 3321 741 3384 ita
760 3326 943 3384 mutamur.

639 3573 769 3636 XLIII.
795 3571 981 3635 Tuumuvs.

329 3830 509 3895 Terruiuus
529 3827 656 3891 dicit-ur
676 3823 819 3889 totidem
836 3823 945 3887 modis
970 3833 1053 3906 quot
1076 3835 1110 3887 ot
1129 3822 1217 3887 finis.
1234 3823 1381 3911 Insuper

241 3958 345 4022 etiam
362 3954 529 4020 terminus
545 3951 672 4015 dieitur
696 3947 921 4032 quodeunque
942 3956 1145 4029 extremum,
1165 3947 1256 4011 uude
1276 3957 1311 4013 et
1330 3959 1380 4014 to-

176 4087 218 4150 ‘25
243 4083 349 4146 tidem
371 4079 479 4144 modis
503 4076 630 4140 dicitur·
655 4082 796 4157 quotot
820 4071 1045 4158 principium,
1072 4072 1153 4135 licet
1176 4071 1383 4154 quibusdam

244 4207 353 4273 modis
372 4203 533 4292 propriis,
555 4198 758 4283 quibusdum
776 4196 983 4282 impropriis.
1004 4196 1130 4259 Oruues
1154 4202 1268 4258 autem
1289 4198 1384 4260 modi

243 4389 400 4399 —-.-.,.

336 4489 365 4538 17
383 4494 412 4537 et
427 4485 488 4536 TG:
505 4502 553 4532 ο111.
569 4483 598 4531 Μ
660 4484 691 4531 220
708 4481 836 4542 sinister,
851 4481 950 4529 dexter
965 4479 1030 4527 nuile
1044 4478 1099 4527 MG
