3420 5190
574 426 753 471 rrovnarlo
775 427 906 470 qusrel
928 427 1078 470 Ar'orrvS.

753 737 828 781 ΛΒΤ.
852 738 899 781 111.

768 861 802 900 De
815 871 884 900 nunc.

344 1084 515 1162 Quattuor
533 1082 710 1170 proposita
730 1082 870 1147 adducit
894 1082 936 1146 de
954 1082 1029 1167 ipso
1054 1104 1147 1146 nune
1171 1080 1214 1145 ad
1233 1080 1397 1146 maiorem

254 1216 399 1275 naturae
426 1209 592 1296 temporis
626 1207 952 1273 manifestationem.
979 1207 1133 1285 Quorum
1158 1206 1308 1293 primum
1332 1213 1398 1288 est,

211 1348 231 1410 5
256 1334 347 1420 quod
365 1356 459 1398 nuno
475 1332 726 1418 quodammodo
745 1332 837 1397 idem
858 1339 892 1396 et
912 1331 1161 1416 quodammodo
1181 1330 1276 1396 aliud
1295 1337 1399 1415 atque

255 1459 349 1526 aliud
368 1459 405 1524 in
424 1465 498 1524 toto
517 1465 687 1545 tempore3
707 1458 757 1522 ita
782 1457 874 1522 onim
893 1456 996 1521 huius
1016 1457 1105 1521 sieut
1129 1463 1163 1520 et
1182 1463 1295 1521 motus
1315 1479 1400 1520 sem-

254 1608 315 1674 per
334 1584 419 1650 alias
437 1584 591 1668 aliasque
610 1577 784 1669 oontirigit
800 1580 955 1668 accipere
971 1588 1096 1668 partae.
1114 1582 1220 1647 Porro
1238 1581 1327 1645 idem
1347 1589 1400 1646 est

252 1733 346 1777 nunc
364 1709 457 1795 quod
474 1709 510 1773 iu
530 1714 603 1774 toto
619 1715 773 1794 temporo
793 1707 925 1790 existit,
946 1706 1037 1771 idem
1058 1706 1202 1792 inquam
1226 1705 1398 1792 subiecta,

252 1835 313 1902 'sed
328 1837 464 1901 ratione
480 1836 628 1900 alterum
645 1842 679 1899 et
698 1834 860 1918 alterum,
880 1833 978 1920 prius
995 1840 1031 1898 et
1048 1832 1227 1920 posterius,
1243 1834 1292 1899 Ut
1307 1833 1399 1898 enim

190 1971 232 2034 10
254 1961 441 2027 secundum
461 1970 654 2046 geometras
667 1967 816 2046 punctus
842 1967 957 2023 motus
973 1959 1101 2023 lineam
1116 1957 1215 2043 facit,
1236 1964 1270 2022 et
1284 1981 1400 2023 sec-uu·

256 2086 338 2152 dum
363 2086 536 2172 sophistas
561 2085 719 2150 Coriscus
738 2085 826 2149 alter
849 2092 901 2150 est
920 2085 957 2148 in
976 2084 1051 2149 foro
1075 2083 1163 2147 alter
1187 2082 1224 2146 iu
1247 2082 1397 2167 theatro,

256 2212 337 2296 quia
361 2211 455 2276 aliud
479 2217 620 2276 estesse
639 2210 695 2274 hio
714 2209 809 2274 aliud
833 2209 899 2291 ibi3
926 2210 975 2273 ita
999 2216 1033 2273 et
1057 2209 1191 2274 instans
1215 2215 1399 2292 quantum·

256 2336 342 2402 libet
358 2359 466 2401 unum
483 2335 653 2418 submotu,
673 2335 817 2419 ratione,
840 2340 1009 2419 quatenus
1028 2335 1158 2399 moveri
1178 2334 1398 2419 imaginatur,

255 2463 402 2527 alterum
422 2469 473 2526 ost
500 2461 726 2548 praeteritum
750 2484 853 2544 quum
885 2460 1050 2526 futurum.
1070 2460 1125 2524 Ita
1152 2461 1279 2547 quippe
1306 2483 1400 2525 nuno

189 2595 231 2658 15
255 2587 411 2673 sequitur
428 2593 597 2674 puuctum
622 2586 713 2672 quod
731 2585 857 2667 fertur,
878 2586 968 2651 siout
986 2595 1021 2651 et
1040 2592 1176 2672 tempus
1195 2594 1336 2650 motum.
1353 2586 1400 2650 Et

257 2713 347 2777 sicut
374 2719 488 2777 motus
507 2735 568 2799 par
587 2711 624 2776 id
653 2711 745 2795 quod
772 2717 929 2776 movetur
957 2711 1193 2796 eognosoitur,
1212 2711 1261 2774 ita
1280 2718 1314 2775 et
1339 2734 1400 2797 per

257 2861 364 2922 nuno,
385 2837 476 2923 quod
499 2845 552 2902 est
576 2837 612 2901 in
636 2844 791 2922 tempore
815 2837 963 2901 maxime
983 2851 1117 2918 notum,
1138 2843 1273 2922 tempus
1292 2836 1400 2922 perei-

255 2963 359 3050 pitur.
379 2962 584 3044 Secundum,
605 2961 695 3047 quod
714 2961 816 3026 simul
832 2961 903 3026 siut
923 2970 1058 3047 tempus
1075 2969 1178 3046 atquo
1191 2985 1293 3045 nune,
1313 2962 1397 3025 adeo

255 3095 294 3154 ut
314 3112 420 3154 unum
437 3088 510 3153 sine
530 3088 597 3153 alio
614 3111 686 3153 esse
704 3111 774 3152 non
790 3088 916 3174 possit;
938 3111 1029 3153 mmo
1047 3087 1174 3152 etenim
1193 3095 1296 3173 atque
1316 3096 1398 3153 tem·

189 3228 233 3291 ‘20
255 3237 320 3301 pus
349 3221 388 3279 ut
416 3218 549 3291 mottus
573 3221 677 3299 atque
696 3212 821 3278 mobile
842 3236 914 3277 sese
934 3212 1078 3296 habeut,
1099 3223 1133 3279 ot
1153 3213 1241 3278 siout
1262 3224 1397 3300 tompus
1422 3225 1513 3289 34r

257 3345 308 3404 est
324 3361 486 3404 numerus
506 3345 633 3423 motus,
647 3339 697 3403 ita
709 3348 744 3403 et
755 3360 846 3403 nuno
866 3345 967 3403 estut
980 3339 1072 3423 quod
1088 3338 1206 3421 fertur,
1226 3350 1265 3404 ut
1282 3339 1398 3405 unitas

257 3475 308 3530 est
327 3464 470 3529 numeri.
484 3464 650 3547 Tertium,
666 3463 757 3548 quod
771 3469 906 3549 tempus
923 3470 975 3528 est
991 3463 1193 3529 continuum
1210 3464 1397 3529 seoumhuu

256 3590 371 3676 ipsum
389 3612 495 3671 nuno,
521 3597 557 3654 et
575 3589 764 3653 seeundurrr
785 3589 898 3674 ipsum
917 3587 1104 3669 ‹lividitur3
1125 3588 1174 3654 ita
1193 3589 1284 3654 euim
1306 3613 1398 3655 mmo

257 3715 300 3780 ad
314 3726 458 3801 tempus5
473 3714 561 3779 siout
574 3724 722 3800 punetus
739 3713 782 3777 ad
798 3712 924 3777 lineam
937 3737 1008 3777 sese
1021 3712 1134 3778 habet.
1152 3714 1293 3798 Quarto,
1308 3715 1398 3799 quod

190 3844 233 3908 ‘25
258 3863 349 3906 nuuc
373 3863 443 3905 non
462 3850 514 3905 ost
533 3847 683 3926 tempus,
709 3839 766 3903 seu
787 3839 933 3925 tempori
959 3844 996 3902 ut
1020 3837 1187 3903 terminus
1212 3839 1398 3904 terminato

257 3965 391 4031 assidit.
409 3966 459 4030 Eo
479 3973 593 4030 autom
619 3964 719 4030 morlo
740 3964 907 4029 terminus
927 3973 992 4047 ost,
1015 3977 1052 4028 ut·
1069 3963 1158 4028 idom
1185 3964 1397 4029 diversorum

258 4115 329 4155 osso
348 4091 469 4178 possit
491 4091 580 4156 siout
595 4090 687 4154 idem
707 4112 868 4154 uumerus
887 4088 1002 4153 decem
1023 4088 1202 4153 homiuum
1221 4096 1272 4153 est
1291 4098 1326 4152 et
1345 4088 1400 4153 do·

258 4244 330 4285 cern
350 4242 526 4303 OqUOI'Ulll.

353 4490 382 4539 10
399 4488 519 4537 linaoam
586 4489 613 4536 11
631 4487 759 4536 tlrroutro
823 4487 854 4535 24
871 4485 887 4536 ἱ.
905 4485 1045 4546 Quartum
