3420 5190
544 422 724 472 aravaarro
746 422 877 472 rnrsrcr
899 423 1049 471 aramve.
1312 403 1368 472 195

225 589 281 650 tus
306 585 586 651 contrarietatem
605 607 676 650 non
695 582 860 665 sufficere,
884 583 915 647 4.
935 605 1005 647 non
1024 582 1134 648 solum
1158 590 1284 666 motuS,
1310 584 1368 648 sed

225 709 332 776 etiam
354 709 487 795 quietes
510 709 662 776 motibus
686 709 905 788 contrariari,
929 708 1012 773 licet
1034 708 1117 773 hinc
1139 709 1367 795 privativam,

225 835 306 901 inde
325 835 530 923 simpliciter
555 835 809 922 oppositionem
827 834 1005 920 inspicias,
1026 857 1103 899 oum
1123 833 1190 920 ipsi
1207 835 1298 921 quod
1316 842 1369 901 est

225 959 383 1026 deorsum
401 961 533 1028 moveri
552 968 587 1027 et
600 984 735 1027 sursum
751 961 925 1046 quiescere
940 968 974 1026 et
987 983 1122 1026 sursum
1141 960 1272 1026 moveri
1292 982 1370 1026 con·

180 1087 201 1151 5
224 1086 425 1171 trariantur,
446 1087 450 1176 1
471 1088 501 1152 5.
515 1094 628 1153 motus
643 1086 813 1152 naturalis
832 1094 935 1172 atque
952 1085 1132 1170 violentus,
1146 1086 1369 1170 quantumvis
1394 1085 1485 1148 38*

225 1210 430 1277 adeundam
448 1210 663 1278 contendant
686 1211 888 1295 terminum,
911 1210 1138 1276 nihilominus
1156 1218 1274 1276 tamon
1294 1234 1372 1277 con-

225 1335 381 1421 trariari,
401 1337 491 1402 sicut
509 1345 545 1403 et
563 1337 736 1404 violentae
757 1336 866 1421 quieti
889 1335 1068 1419 naturalia,
1089 1337 1119 1401 6.
1139 1336 1372 1402 contrariatur

225 1459 334 1546 quieti
363 1461 535 1528 violentae
564 1461 602 1526 in
633 1461 780 1528 termino
809 1486 830 1527 a
857 1484 925 1547 quo
949 1460 1045 1547 quies
1082 1461 1120 1525 in
1156 1461 1305 1527 termino
1333 1461 1370 1527 in

224 1608 327 1670 quem
351 1587 530 1671 naturalia,
552 1587 580 1652 7.
600 1595 714 1653 motus
744 1586 915 1652 naturalis
934 1586 1038 1652 unius
1056 1585 1101 1652 ad
1124 1608 1233 1651 unum
1255 1586 1370 1651 termi·

159 1709 202 1774 10
224 1733 308 1777 num
327 1712 537 1800 oppositum,
556 1721 591 1779 et
603 1720 717 1802 motus
734 1712 904 1779 naturalis
923 1711 1066 1777 alterius
1078 1711 1121 1777 ad
1138 1711 1285 1777 alterum
1304 1717 1370 1775 ter-

224 1835 358 1902 minum
377 1837 588 1925 oppositum,
609 1838 775 1904 contrarii
790 1846 872 1904 suut
890 1860 994 1924 penes
1013 1836 1179 1904 terminos
1204 1843 1238 1901 et
1255 1859 1272 1901 e
1292 1835 1366 1922 qui·

224 1960 289 2069 tus
308 1969 343 2027 et
366 1963 403 2028 in
427 1985 521 2048 quos.
