3420 5190
333 376 373 434 60
773 387 913 432 ronnsnr
935 387 1036 432 navat

334 545 416 630 quia
429 543 625 609 substantia
635 565 750 608 rerum
760 548 812 607 est
828 541 1109 626 incognoscibilis
1125 548 1159 607 et
1180 541 1184 630 Ι
1205 539 1478 606 innominabilis,
1503 539 1615 604 462
1630 540 1673 605 G

333 669 432 734 Idem
460 668 502 733 de
530 667 692 734 omnibns
716 666 956 733 essentialibus
975 665 1182 733 differentiis
1211 671 1263 731 est
1292 664 1475 746 iudicium,

333 794 415 879 quia
434 793 589 859 omniurn
601 792 743 858 nomina
759 815 893 880 semper
908 791 1066 859 accidens
1083 791 1295 878 significant,
1312 791 1372 857 sed
1388 789 1477 856 adsi·

332 919 501 1004 gnificant
520 918 761 985 substantiam.

686 1231 877 1297 XXXVII.
897 1232 1119 1296 Paoenrams.

421 1539 605 1626 Proprium
625 1538 753 1604 dicitur
769 1538 1053 1625 quadrupliciter:
1072 1538 1185 1625 primo
1202 1536 1293 1640 qnod
1312 1534 1475 1602 convenit

331 1666 398 1730 toti
422 1665 561 1752 speciei,
587 1664 646 1729 sed
669 1685 739 1728 non
763 1663 843 1746 soli,
863 1663 953 1729 sicut
976 1685 1048 1729 esse
1071 1663 1231 1750 bipedem
1254 1660 1398 1744 homini3
1426 1681 1476 1727 se-

331 1790 441 1857 cundo
466 1788 557 1875 quod
581 1789 743 1855 convenit
766 1789 830 1854 soli
854 1788 980 1877 speciei
1003 1794 1039 1854 et
1072 1810 1142 1854 non
1169 1786 1249 1871 toti,
1281 1786 1372 1852 sicut
1402 1810 1474 1853 essa

328 1914 572 2004 philosophum
591 1913 738 1997 homini;
758 1913 862 1979 tertio
882 1912 974 1999 quod
987 1913 1149 1979 convenit
1161 1911 1226 1978 soli
1244 1911 1380 1997 totique
1398 1935 1475 1999 spe·

264 2045 307 2108 10
329 2041 410 2125 ciei,
429 2040 487 2106 sed
515 2061 585 2105 non
616 2062 762 2126 semper,
782 2045 822 2105 ut
849 2061 1025 2104 canescere
1052 2037 1185 2104 homini
1215 2038 1252 2102 in
1281 2043 1472 2121 senectute3

329 2171 453 2250 quarto
473 2164 564 2250 quod
585 2164 748 2229 convenit
770 2163 851 2249 toti,
872 2163 936 2229 soli
959 2170 995 2229 et
1013 2185 1160 2252 semper,
1179 2168 1220 2228 ut
1244 2186 1316 2229 esse
1340 2162 1473 2229 risibile

328 2290 476 2373 homini,
501 2289 536 2354 id
561 2295 613 2355 est
636 2312 734 2376 posse
757 2288 879 2355 ridere.
897 2289 975 2355 Etsi
994 2288 1087 2355 enim
1109 2311 1180 2355 non
1204 2311 1339 2375 semper
1359 2287 1472 2354 rideat

328 2421 420 2499 actu,
445 2414 510 2480 etsi
534 2415 675 2500 quidam
693 2436 872 2501 nunquam
895 2413 1051 2497 riserint,
1075 2412 1298 2486 haectamen
1321 2412 1474 2500 proprie-

327 2547 382 2606 tas
400 2539 550 2606 refertur
568 2561 640 2605 non
663 2539 707 2604 ad
730 2546 860 2624 actum,
880 2538 940 2604 sed
963 2539 1007 2604 ad
1024 2539 1232 2625 potentiam,
1256 2560 1328 2604 non
1352 2537 1396 2604 ad
1420 2559 1472 2603 ra
1497 2549 1569 2612 54
1581 2550 1638 2612 Μ

262 2667 303 2730 15
328 2667 459 2733 tionem
474 2664 741 2750 individualem,
762 2665 821 2731 sed
844 2664 1048 2752 specificam.

420 2790 476 2856 Ad
495 2790 557 2856 hos
576 2790 694 2856 modos
714 2798 765 2856 est
789 2790 880 2877 quod
899 2789 1086 2856 referamus
1109 2790 1214 2856 etiam
1239 2790 1330 2876 quod
1350 2811 1473 2856 conve·
1495 2788 1502 2797 ’

328 2916 382 2982 nit
400 2918 467 2982 toti
486 2917 612 3006 speciei
632 2923 667 2982 et
683 2916 806 3001 solum,
825 2918 906 2983 licet
925 2941 995 2983 non
1015 2918 1091 3002 soli,
1109 2917 1198 2984 sicut
1220 2920 1400 3005 proprium
1418 2922 1472 2982 ni-

327 3042 381 3107 vis
401 3050 452 3107 est
472 3044 590 3108 album
614 3066 699 3126 esse,
721 3043 801 3128 quia
821 3044 930 3109 solum
954 3044 1033 3108 alba
1056 3050 1121 3119 est,
1140 3066 1210 3108 non
1230 3045 1312 3109 sola.
1332 3044 1396 3110 Est
1415 3067 1472 3109 au-

327 3176 397 3233 tem
414 3168 594 3255 proprium
607 3170 775 3254 quaedam
795 3169 956 3254 qualitate,
970 3192 1058 3254 quae
1069 3169 1291 3253 consequitur
1310 3177 1471 3235 naturam

260 3302 304 3362 ‘20
328 3294 466 3380 speciei,
486 3294 673 3380 procedens
693 3318 734 3360 ex
753 3295 949 3360 differentia
965 3294 1124 3382 specifica
1143 3294 1236 3359 illius
1256 3295 1470 3382 immediate,

328 3421 418 3485 sicut
436 3421 617 3485 risibilitas
629 3422 851 3505 consequitur
869 3421 1156 3503 rationalitatem
1170 3428 1204 3485 et
1223 3421 1306 3488 haec
1321 3424 1474 3511 proprie-

327 3553 380 3611 tas
400 3545 529 3610 dicitur
548 3547 823 3612 convertibiliter
847 3570 924 3613 cum
948 3570 986 3611 eo
1011 3547 1108 3612 cuius
1133 3555 1185 3610 est
1208 3549 1397 3634 proprium.
1419 3550 1474 3614 Li·

328 3680 381 3738 cet
400 3680 516 3739 autem
536 3673 733 3739 huiusmodi
757 3676 997 3762 proprietates,
1020 3700 1107 3762 quae
1132 3677 1406 3742 convertibiliter
1424 3677 1474 3742 di-

329 3807 455 3862 cuntur
485 3821 562 3863 cum
594 3800 719 3885 specie,
749 3800 874 3866 multas
905 3801 1088 3887 contingat
1118 3801 1291 3885 invenire,
1319 3801 1408 3867 sicut
1437 3802 1473 3866 in

262 3935 304 3996 Ξῖ)
329 3923 441 4007 specio
465 3921 618 3987 humana
646 3925 924 4011 contemplabile,
944 3925 1235 4012 philosophabile,
1260 3927 1472 4013 navigabile,

328 4047 574 4112 admirativum
587 4071 693 4133 aeque
705 4050 978 4116 convertibiliter
988 4052 1151 4117 dicuntur
1163 4053 1204 4117 dc
1214 4053 1353 4118 homine
1370 4060 1473 4139 atque

327 4171 475 4255 risibile,
497 4179 613 4237 tamen
637 4181 859 4260 pracceptum
884 4184 935 4241 est
959 4178 1124 4263 logicum,
1145 4187 1184 4243 ut
1207 4202 1225 4243 e
1250 4179 1367 4244 multis
1387 4179 1474 4243 illud

419 4368 689 4418 autumatur}
756 4373 1048 4422 ltindivdualcml!
1120 4377 1305 4425 trossulum
1327 4376 1471 4424 nonlicet

327 4447 423 4496 soli‘F
483 4449 663 4498 arcuata?
