3420 5190
567 431 747 477 Flovnn'rlo
770 433 900 478 Panrcl
922 434 1072 479 AVDITVS.

403 748 686 853 IORDANI
726 752 936 856 BRVNI
977 753 1228 857 NOLANI
1413 746 1505 809 24⁹

288 990 376 1064 on
431 991 742 1069 PHYSIOO
796 992 1071 1073 avoirv
1126 996 1355 1074 annisu

582 1223 749 1300 LIBER
791 1223 1058 1314 QVARTVS.

744 1798 842 1863 CAP.
867 1799 894 1862 Ι.

381 1943 415 1984 De
427 1945 488 1995 loro,
501 1945 538 1994 qut
550 1942 649 1982 coeundo
661 1943 817 1983 consideratur
828 1954 856 1983 ex
868 1943 896 1982 ito
907 1953 966 1993 quae
979 1945 1062 1982 motum
1074 1947 1252 1992 consequuntur.

702 2267 887 2312 Annlcvnvs
910 2270 931 2310 I.

397 2392 480 2432 Probat
493 2393 565 2432 locum
579 2403 642 2443 emo,
657 2397 680 2432 ct
694 2391 722 2431 de
737 2403 764 2431 eo
779 2389 880 2432 naturali
894 2391 1027 2441 philosopho
1042 2391 1241 2431 considerandum.

337 2596 497 2680 De1000,
518 2594 633 2680 inquit
652 2593 868 2679 Aristoteles,
889 2594 933 2660 ad
951 2593 1232 2682 pertractationis
1256 2595 1297 2676 de
1321 2618 1389 2662 mo-

249 2729 286 2787 tu
321 2721 611 2809 complementum
644 2721 805 2786 similiter
837 2727 889 2786 est
919 2720 1218 2805 considerandum,
1255 2744 1299 2786 en
1328 2721 1387 2806 sit,

181 2861 223 2924 10
248 2847 417 2932 quomodo
445 2847 490 2912 sit
515 2846 665 2932 quidque
695 2846 749 2912 sit.
776 2845 892 2911 Primo
924 2846 1005 2931 quia
1034 2846 1076 2911 de
1100 2846 1293 2931 quidditete
1321 2848 1388 2913 loci

246 2971 486 3059 multipliciter
502 2973 696 3055 dubitatur,
714 2971 862 3037 secundo
882 2971 987 3037 etiam
1007 2972 1088 3056 quia
1119 2971 1244 3036 dehoc
1263 2996 1283 3037 a
1302 2973 1390 3059 prio

244 3099 340 3164 ribus
363 3098 453 3163 nihil
476 3104 594 3164 exacte
623 3096 822 3163 dubitatum
852 3103 913 3162 aut
941 3096 1108 3162 trarhtum
1133 3096 1388 3180 circumfertur,

245 3224 347 3290 tertio
378 3224 459 3312 quie
492 3225 607 3292 omnia
637 3247 725 3310 quae
757 3232 852 3307 sunt,
880 3225 1008 3291 alicubi
1032 3248 1104 3291 esse
1126 3225 1385 3309 existimantur3

245 3373 415 3436 nusquam
434 3352 561 3416 etenim
577 3373 649 3415 esse
665 3350 865 3437 perhibetur
885 3351 976 3436 qnod
997 3350 1001 3439 Ι
1022 3372 1092 3416 non
1109 3359 1169 3416 est.
1184 3352 1294 3416 Multa
1308 3374 1389 3417 vero
1416 3357 1504 3421 25‘

181 3476 222 3540 15
246 3483 328 3541 sunt
351 3497 438 3561 quae
457 3475 498 3541 de
517 3476 591 3541 loco
611 3474 713 3540 fidem
738 3475 873 3541 faciunt
896 3476 987 3562 quod
1014 3477 1068 3541 sit.
1099 3475 1267 3559 Primum,
1297 3477 1388 3562 quod

247 3601 402 3689 proxime
425 3601 590 3687 diximus,
616 3601 707 3687 quod
730 3602 846 3667 omnia
865 3624 937 3667 esse
956 3601 1084 3667 alicubi
1115 3601 1320 3684 creduntur;
1340 3626 1389 3668 se-

248 3727 397 3794 cundum
418 3727 509 3813 quod
529 3735 685 3793 motuum
704 3727 895 3792 communie
913 3727 1061 3792 maxime
1081 3728 1297 3813 maximeque
1314 3750 1389 3814 pro-

247 3855 343 3942 prius
365 3853 552 3919 secundum
571 3852 683 3919 locum
700 3877 772 3919 esee
786 3853 1001 3940 perhibetur3
1020 3853 1163 3918 tertium
1179 3853 1270 3938 quod
1283 3862 1392 3918 truns-

247 3980 413 4045 letionem
433 4001 614 4066 corporum
638 4002 709 4044 esse
733 3985 882 4061 constat-;
911 3987 1073 4065 quartum
1102 3979 1196 4063 qnod·
1218 3978 1261 4044 ad
1281 3988 1390 4046 certos

179 4114 224 4177 ‘20
247 4103 417 4191 simplicia
434 4127 576 4192 corporo
599 4103 765 4171 terminos
789 4103 981 4190 adpellunt,
1003 4128 1089 4190 qiuie
1113 4105 1179 4170 loci
1203 4112 1319 4192 partes
1339 4115 1390 4171 ut·

248 4254 313 4316 que
325 4228 455 4317 species
473 4229 710 4317 perhibentur,
724 4252 811 4315 quae
829 4229 965 4314 quidem
985 4238 1066 4296 eunt
1085 4253 1156 4296 nou
1174 4238 1310 4297 tantum
1331 4255 1389 4299 no·

247 4356 301 4422 bis
320 4363 489 4441 quantum
509 4356 546 4421 in
566 4363 690 4421 natura
710 4355 957 4420 determinatae
976 4355 1196 4422 differentiae
1216 4357 1294 4422 illue
1314 4381 1390 4441 eex;

248 4481 409 4568 quintum
435 4481 526 4567 quod
544 4482 636 4570 apud
660 4480 788 4547 multoe
806 4489 948 4569 propter
977 4481 1043 4547 loci
1067 4483 1306 4549 necessitatem
1331 4508 1388 4551 vo-
