3420 5190
465 427 576 470 SVMMA
598 426 818 471 TERMINORVM
840 425 1153 470 nerarflrslcoavn.
1340 412 1379 470 65

237 582 448 648 reducuntur
478 582 522 647 ad
550 588 635 667 ares,
656 604 778 669 nempe
798 605 818 649 a
837 604 917 667 quo,
937 581 975 646 in
1004 603 1085 667 que,
1110 580 1155 646 ad
1174 602 1284 666 quem,
1315 579 1378 646 Est

237 708 330 774 enim
353 707 523 773 terminus
542 731 561 774 a
581 730 664 793 quo,
685 731 705 775 a
725 730 792 794 quo
816 707 949 793 aliquid
963 705 1131 794 procedit,
1153 706 1157 795 Ι
1179 705 1269 772 sicut
1284 706 1379 773 locus
1405 711 1514 775 466
1530 709 1571 775 G

235 841 287 901 est
309 833 520 922 principium
540 857 673 917 cursus,
701 842 753 900 est
776 834 945 899 terminus
969 833 1005 898 in
1030 855 1111 919 quo,
1131 832 1193 898 ubi
1216 832 1378 899 videlicet

235 960 368 1047 aliquid
386 959 492 1043 sistit,
513 968 564 1025 est
583 960 751 1026 terminus
770 959 814 1026 ad
834 983 945 1046 quem,
973 982 1040 1046 quo
1058 958 1221 1025 videlicet
1244 958 1377 1045 aliquid

190 1089 212 1154 5
235 1092 403 1153 movetur.
421 1084 573 1151 Rursum
593 1092 644 1151 est
664 1084 831 1152 terminus
846 1085 934 1152 alius
952 1084 1129 1173 physicuS,
1151 1085 1155 1174 l
1177 1084 1265 1151 alius
1293 1085 1378 1172 logi-
1402 1089 1473 1152 59
1485 1092 1540 1156 Μ

235 1234 309 1296 cus,
329 1211 417 1277 alius
430 1208 701 1277 mathematicus.
716 1211 898 1277 Terminus
913 1210 1077 1298 physicus
1093 1215 1144 1276 est
1155 1208 1280 1294 forma,
1294 1209 1376 1295 qnia

234 1335 414 1403 materiam
434 1336 693 1402 interminatam
713 1343 747 1402 et
766 1336 983 1402 indefinitam
1001 1336 1174 1402 terminat.
1194 1334 1376 1402 Terminus

233 1460 366 1548 logicus
385 1469 437 1528 est
456 1461 625 1545 definiti03
648 1461 732 1528 haec
755 1462 848 1527 enim
865 1461 945 1528 finit
960 1462 1121 1550 speciem,
1141 1461 1244 1528 idest
1265 1461 1376 1549 saepit

233 1609 309 1652 eam
332 1587 376 1653 ab
400 1587 477 1654 aliis
495 1587 607 1653 rebus.
627 1587 809 1653 Terminus
828 1586 1070 1654 mathematice
1085 1593 1137 1654 est
1160 1586 1197 1652 in
1217 1609 1319 1672 quem
1335 1586 1375 1651 fit

92 1694 96 1703 ¹
168 1714 211 1778 10
233 1712 397 1779 resolutio
428 1713 649 1800 quantitatis,
677 1713 733 1780 vel
763 1713 959 1798 continuae,
984 1719 1024 1778 ut
1053 1719 1203 1801 punctus
1230 1717 1283 1778 est
1306 1717 1373 1777 ter·

232 1837 347 1905 minus
376 1837 488 1905 lineae
506 1845 541 1905 et
559 1839 671 1905 omnis
695 1838 964 1925 magnitudinis,
994 1839 1050 1906 vel
1078 1837 1259 1922 discretae,
1283 1837 1374 1903 sicut

232 1963 348 2031 unitas
373 1971 424 2031 est
448 1965 615 2031 terminus
635 1965 746 2033 omnis
770 1966 913 2031 numeri.
934 1964 1061 2031 Omnes
1084 1964 1145 2031 alii
1170 1964 1277 2049 modi,
1303 1962 1377 2049 qui-

232 2090 297 2156 bus
324 2090 493 2156 terminus
520 2090 662 2176 dicitur,
695 2089 907 2157 reducuntur
936 2089 980 2156 ad
1010 2090 1109 2175 istos,
1138 2094 1178 2155 ut
1205 2091 1375 2155 elementa

230 2215 501 2301 uniuscuiusque
511 2215 562 2282 rei
571 2215 712 2281 termini
725 2216 900 2300 dicuntur,
917 2214 1204 2302 quemadmodum
1216 2215 1254 2280 in
1263 2235 1376 2300 gram-

167 2345 210 2411 15
233 2340 361 2407 metica
391 2341 534 2407 termini
561 2347 643 2407 sunt
678 2341 812 2427 literae,
843 2343 880 2406 in
908 2341 1022 2426 logica
1050 2339 1219 2406 dictiones
1246 2341 1376 2407 incom-

230 2467 353 2553 plexae
371 2472 453 2531 snut
471 2466 613 2531 termini
628 2465 849 2553 simpliciter,
866 2465 1119 2554 propositiones
1136 2471 1217 2531 sunt
1234 2466 1374 2532 termini

231 2590 558 2678 argumentationis,
584 2614 687 2677 quam
716 2592 847 2658 scilicet
874 2590 1076 2658 resolvendo
1099 2591 1138 2657 in
1165 2590 1235 2658 illis
1258 2590 1374 2658 termi-

230 2740 362 2784 namus.

620 2967 747 3035 XLIV.
768 2970 982 3033 Nacassnls.

163 3217 208 3280 20
320 3215 513 3282 Necessitas
532 3237 601 3281 uno
620 3221 722 3302 pacto
738 3216 887 3281 sumitur
909 3216 1077 3300 absolute,
1096 3223 1131 3282 et
1147 3218 1196 3284 sic
1216 3217 1306 3284 idem
1322 3226 1375 3285 est

232 3343 324 3430 quod
342 3342 467 3424 fatum,
488 3341 700 3428 appellatum
723 3364 743 3406 a
767 3341 943 3408 nonnullis
967 3341 1170 3427 destinati0,
1202 3344 1375 3409 ›raedesti-

230 3468 338 3552 natio,
360 3489 419 3534 seu
437 3468 598 3533 voluntas
618 3465 748 3549 divina,
769 3489 829 3531 seu
847 3466 1077 3533 immutabilis
1100 3475 1245 3533 naturae
1264 3469 1371 3534 facul-

229 3600 297 3676 tas,
318 3616 386 3679 quo
417 3615 519 3658 sensu
545 3591 634 3657 dixit
662 3592 843 3657 Zoroaster
860 3591 976 3658 ‘fortis
1006 3593 1191 3664 necessitas
1211 3593 1370 3660 omnibus

229 3717 458 3800 dominatur’3
478 3725 512 3782 et
531 3717 734 3803 respective,
747 3717 842 3783 etsie
856 3717 1085 3805 distinguitur
1101 3723 1220 3783 contra
1240 3719 1372 3784 contin-

163 3850 206 3914 25
229 3843 398 3931 gentiam,
416 3866 545 3926 casum,
565 3843 749 3907 fortunam.
767 3843 864 3908 Tunc
879 3841 991 3909 adhuc
1005 3843 1190 3930 dupliciter
1208 3842 1370 3908 sumitur:

230 3995 298 4039 uno
308 3979 410 4060 pacto
420 3971 630 4058 generaliter
641 3993 704 4056 pro
717 3970 811 4035 omni
823 3993 862 4036 eo
876 3971 967 4056 quod
979 3970 1192 4057 impossibile
1206 3978 1258 4035 cst
1271 3971 1372 4036 alitor

229 4122 313 4181 esse,
331 4098 422 4163 unde
439 4096 667 4162 necessarium
682 4095 810 4160 dicitur
826 4095 930 4160 etiam
942 4094 1167 4182 impossibile,
1185 4095 1253 4160 alio
1270 4105 1370 4184 pacto

226 4221 484 4311 particularius,
510 4229 549 4287 ut
575 4220 744 4307 accipitur
772 4219 1001 4284 necessarium
1036 4219 1125 4284 libro
1153 4218 1368 4305 perihernr.

1256 4360 1367 4368 .·——

314 4424 438 4472 :tarouca
451 4416 567 4482 ilprr'mo
577 4434 593 4468 a
605 4433 661 4483 qno
673 4416 700 4466 ia
718 4416 742 4466 T
801 4417 832 4465 10
845 4423 983 4481 punctum
1001 4416 1023 4467 G
1088 4418 1120 4466 28
1132 4416 1285 4481 periherm.
1304 4418 1367 4469 PM:

227 4500 284 4570 περὶ
304 4500 448 4571 ἑρμηνείας
462 4501 486 4551 G

363 4598 437 4636 Bucar
453 4598 506 4644 vpp.
522 4595 562 4632 Iul.
576 4592 629 4642 1,-1.
1196 4594 1209 4632 9
