3420 5190
483 433 595 478 svmm
616 430 834 477 maumoavu
854 427 1166 474 unruenrsrcouvn.
1352 410 1391 470 85

252 611 323 654 non
346 594 463 653 tamen
482 586 525 652 ad
545 586 815 652 inaccessibilem
839 586 936 650 illam
954 583 1175 651 altitudinem
1197 581 1393 670 pervenire,

253 713 350 778 iuxta
374 711 460 778 illud
478 711 664 777 ‘attenuati
688 726 769 777 sunt
793 711 883 778 oculi
906 710 975 775 mei
998 709 1204 797 aspicientes
1228 707 1264 771 in
1289 706 1396 770 excel-

254 838 343 904 sum*
360 845 395 904 et
412 837 583 904 ‘ascendit
601 837 703 903 homo
720 836 763 903 ad
782 859 840 903 cor
857 837 966 903 altum
984 841 1020 900 et
1038 833 1249 900 exaltabitur
1272 830 1393 897 Deus'

631 1138 785 1206 XXVII.
814 1139 1016 1206 Coruinum.

211 1396 232 1459 ὓ
346 1392 444 1459 Sicut
468 1393 512 1460 ad
540 1394 638 1461 illum
669 1418 739 1461 non
769 1397 871 1463 datur
903 1419 1056 1463 accessus
1095 1418 1206 1484 neque
1237 1396 1397 1462 adhaesio

169 1548 172 1553 ·
255 1540 367 1603 neque
398 1526 518 1606 aperta
547 1519 635 1586 visio
659 1543 770 1607 neque
799 1521 1070 1609 comprehensio,
1102 1522 1151 1587 ita
1179 1543 1290 1606 neque
1321 1544 1399 1586 con-

256 1645 369 1732 ceptio
375 1669 382 1728 ;
403 1645 487 1731 quid
504 1647 596 1712 enim
610 1649 787 1734 concipere
806 1671 1000 1735 possumne,
1019 1648 1088 1713 nisi
1104 1646 1196 1733 quod
1211 1645 1399 1734 apprehen·

256 1767 369 1836 (limus
396 1778 431 1836 et
457 1771 500 1837 ad
528 1772 619 1858 quod
649 1773 892 1860 attingendum
923 1772 1164 1861 pervenimus?
1193 1770 1292 1850 Quod
1316 1793 1398 1857 ergo

257 1895 451 1962 intentione
480 1920 551 1962 non
584 1899 810 1986 pulsavimus,
838 1922 909 1965 non
932 1899 1125 1985 tetigimus,
1147 1899 1151 1987 Ι
1172 1921 1283 1985 neque
1314 1919 1402 1962 com·
1427 1907 1564 1971 82M

193 2029 235 2092 10
256 2020 483 2107 prehensione
496 2025 769 2110 complectemus.
787 2025 865 2112 Ipse
883 2047 1049 2112 veronen
1064 2024 1289 2108 intendendo,
1303 2023 1401 2110 quasi

257 2145 486 2232 emigratione
515 2149 663 2235 quadam
691 2159 726 2216 et
753 2144 936 2216 emissione
966 2159 1001 2216 et
1028 2172 1213 2237 progressu
1246 2170 1305 2214 seu
1334 2147 1401 2212 dis·

258 2294 359 2337 cursu
380 2272 425 2338 ad
450 2296 565 2339 rerum
594 2273 761 2341 intuitum
780 2283 816 2342 et
839 2275 1178 2362 comprehensionem
1202 2271 1401 2339 manuduci-

258 2406 329 2483 tur,
342 2398 401 2463 sed
413 2399 610 2465 omnimoda
623 2400 818 2486 praesentia
836 2401 997 2468 universa
1013 2401 1050 2466 in
1070 2424 1105 2466 se
1124 2400 1209 2488 ipsis
1224 2423 1294 2465 non
1312 2397 1402 2485 aspi-

260 2525 309 2590 cit
327 2522 441 2610 modo,
461 2524 520 2589 sed
536 2535 571 2591 et
586 2525 742 2612 inspicit,
759 2526 849 2592 sicut
872 2549 943 2592 non
966 2534 1058 2593 astat
1081 2525 1182 2592 modo
1207 2525 1322 2609 rebus,
1342 2523 1401 2588 sed

196 2655 236 2720 15
260 2658 294 2715 et
313 2650 434 2733 instat,
456 2651 565 2718 instat
584 2660 699 2717 autem
723 2674 793 2717 non
809 2660 849 2717 ut
865 2651 1129 2739 comprehensus
1145 2651 1189 2718 ab
1209 2651 1279 2717 illis
1298 2659 1401 2735 atque

262 2783 459 2860 contentus,
483 2775 542 2840 sed
566 2785 606 2843 ut
629 2776 920 2864 comprehendens
939 2792 975 2843 et
998 2775 1180 2844 continens
1205 2777 1277 2859 illa,
1298 2784 1403 2860 atque

262 2909 302 2965 ut
321 2901 475 2966 omnium
506 2902 687 2968 essentiale
706 2902 972 2969 tundamentum
1004 2913 1108 2991 atque
1131 2911 1288 2969 centrum
1308 2901 1403 2968 vitae

262 3034 297 3091 et
315 3025 530 3093 substantiae
550 3027 740 3093 universae.

667 3320 839 3389 XXVIII.
864 3320 999 3387 Nourr.

196 3593 241 3658 20
352 3590 621 3693 Innominabilis
650 3603 710 3660 est.
736 3593 786 3659 Ea
810 3592 903 3658 enim
931 3601 1077 3679 possunt
1104 3591 1291 3677 nominari,
1317 3615 1404 3679 quae

264 3728 299 3785 et
317 3718 460 3785 definita
484 3730 578 3803 sunt3
600 3742 746 3805 quorum
773 3742 854 3784 vero
879 3741 948 3784 non
977 3728 1029 3785 est
1052 3719 1131 3784 finis
1156 3742 1266 3805 neque
1290 3719 1405 3785 termi-

266 3868 330 3910 nus
357 3868 468 3932 neque
491 3846 680 3912 certificata
703 3854 842 3929 natura,
862 3844 953 3931 quod
972 3853 1074 3931 putas
1095 3867 1166 3909 osse
1181 3844 1328 3911 nomen?
1348 3843 1405 3909 Illi

265 3969 410 4036 subinde
435 3994 536 4037 omne
559 3994 645 4037 esse
669 3970 845 4056 convenit,
871 3970 952 4055 quia
976 3978 1029 4035 est
1047 3992 1161 4035 rerum
1180 3970 1335 4035 omnium
1358 3992 1407 4034 es·

265 4096 391 4183 sentia,
416 4097 499 4164 item
525 4095 696 4163 virtutum
724 4106 759 4163 et
786 4095 1062 4182 praedicatorum
1083 4096 1237 4161 omnium
1261 4095 1351 4178 fons,
1372 4104 1406 4161 ot

358 4330 535 4380 anatemati
554 4329 577 4377 (l
587 4347 592 4378 :
608 4329 745 4378 attentati
762 4327 796 4377 Μ
854 4330 870 4379 3
887 4335 917 4379 et
934 4328 1063 4378 escendit
1089 4327 1132 4378 M:
1150 4328 1219 4376 item
1236 4326 1348 4377 accedit
1368 4325 1406 4385 (ι’,

266 4408 313 4458 che
328 4407 459 4474 appiunqe
472 4410 499 4458 r'u
513 4416 578 4459 nolu
594 4407 908 4475 leriea=i‹›ni(1·}sej.ssa‚
923 4402 961 4459 ll.
980 4409 1084 4459 Psalm.
1098 4410 1138 4470 63,
1153 4409 1179 4471 7)
1194 4405 1238 4457 dei
1250 4407 1299 4455 due
1317 4405 1409 4471 lnoplu'

267 4488 358 4539 biblici
404 4488 840 4556 8usatical’interropatr‘vor'ul!
887 4493 917 4542 10
929 4488 1186 4557 complectemur&
1235 4486 1407 4538 lladatatG
