<?xml version="1.0" encoding="UTF-8"?>
<!DOCTYPE html PUBLIC "-//W3C//DTD XHTML 1.0 Transitional//EN"
    "http://www.w3.org/TR/xhtml1/DTD/xhtml1-transitional.dtd">
<html xmlns="http://www.w3.org/1999/xhtml" xml:lang="en" lang="en">
 <head>
  <title>
</title>
<meta http-equiv="Content-Type" content="text/html;charset=utf-8" />
  <meta name='ocr-system' content='tesseract 3.04.00' />
  <meta name='ocr-capabilities' content='ocr_page ocr_carea ocr_par ocr_line ocrx_word'/>
</head>
<body>
  <div class='ocr_page' id='page_1' title='image "./jordanibruninol02brungoog_0242.png"; bbox 0 0 3420 5190; ppageno 0'>
   <div class='ocr_carea' id='block_1_1' title="bbox 690 367 1370 437">
    <p class='ocr_par' dir='ltr' id='par_1_1' title="bbox 690 367 1370 437">
     <span class='ocr_line' id='line_1_1' title="bbox 690 367 1370 437; baseline -0.007 -2"><span class='ocrx_word' id='word_1_1' title='bbox 690 385 911 437; x_wconf 79' lang='lat' dir='ltr'>uonnnnrrvs.</span> <span class='ocrx_word' id='word_1_2' title='bbox 1311 367 1370 431; x_wconf 66' lang='lat'>935</span> 
     </span>
    </p>
   </div>
   <div class='ocr_carea' id='block_1_2' title="bbox 173 544 1437 2266">
    <p class='ocr_par' dir='ltr' id='par_1_2' title="bbox 234 544 1375 635">
     <span class='ocr_line' id='line_1_2' title="bbox 234 544 1375 635; baseline -0.003 -24"><span class='ocrx_word' id='word_1_3' title='bbox 234 545 429 631; x_wconf 87' lang='lat' dir='ltr'>terminata,</span> <span class='ocrx_word' id='word_1_4' title='bbox 447 568 533 631; x_wconf 90' lang='lat' dir='ltr'>qnae</span> <span class='ocrx_word' id='word_1_5' title='bbox 552 547 589 611; x_wconf 91' lang='lat' dir='ltr'>in</span> <span class='ocrx_word' id='word_1_6' title='bbox 609 546 724 632; x_wconf 86' lang='lat' dir='ltr'>aliqua</span> <span class='ocrx_word' id='word_1_7' title='bbox 747 547 917 613; x_wconf 89' lang='lat' dir='ltr'>dictarum</span> <span class='ocrx_word' id='word_1_8' title='bbox 939 547 1138 635; x_wconf 87' lang='lat' dir='ltr'>portionum</span> <span class='ocrx_word' id='word_1_9' title='bbox 1155 544 1375 632; x_wconf 90' lang='lat' dir='ltr'>comprehen-</span> 
     </span>
    </p>

    <p class='ocr_par' dir='ltr' id='par_1_3' title="bbox 235 669 1376 760">
     <span class='ocr_line' id='line_1_3' title="bbox 235 669 1376 760; baseline -0.004 -23"><span class='ocrx_word' id='word_1_10' title='bbox 235 673 354 757; x_wconf 88' lang='lat' dir='ltr'>datur,</span> <span class='ocrx_word' id='word_1_11' title='bbox 371 679 411 738; x_wconf 89' lang='lat' dir='ltr'>ut</span> <span class='ocrx_word' id='word_1_12' title='bbox 426 695 488 760; x_wconf 94' lang='lat' dir='ltr'>pro</span> <span class='ocrx_word' id='word_1_13' title='bbox 507 672 582 760; x_wconf 89' lang='lat' dir='ltr'>ipsa</span> <span class='ocrx_word' id='word_1_14' title='bbox 602 672 795 738; x_wconf 88' lang='lat' dir='ltr'>definienda</span> <span class='ocrx_word' id='word_1_15' title='bbox 814 673 925 738; x_wconf 91' lang='lat' dir='ltr'>maior</span> <span class='ocrx_word' id='word_1_16' title='bbox 939 672 1025 738; x_wconf 89' lang='lat' dir='ltr'>mihi</span> <span class='ocrx_word' id='word_1_17' title='bbox 1044 671 1227 736; x_wconf 86' lang='lat' dir='ltr'>difficultas</span> <span class='ocrx_word' id='word_1_18' title='bbox 1246 669 1376 735; x_wconf 87' lang='lat' dir='ltr'>exoria-</span> 
     </span>
    </p>

    <p class='ocr_par' dir='ltr' id='par_1_4' title="bbox 236 796 1374 885">
     <span class='ocr_line' id='line_1_4' title="bbox 236 796 1374 885; baseline -0.004 -22"><span class='ocrx_word' id='word_1_19' title='bbox 236 804 294 863; x_wconf 89' lang='lat' dir='ltr'>tur</span> <span class='ocrx_word' id='word_1_20' title='bbox 328 821 431 883; x_wconf 89' lang='lat' dir='ltr'>quam</span> <span class='ocrx_word' id='word_1_21' title='bbox 461 798 503 863; x_wconf 87' lang='lat' dir='ltr'>dc</span> <span class='ocrx_word' id='word_1_22' title='bbox 533 821 748 885; x_wconf 86' lang='lat' dir='ltr'>quacumque</span> <span class='ocrx_word' id='word_1_23' title='bbox 781 799 920 883; x_wconf 88' lang='lat' dir='ltr'>maiore,</span> <span class='ocrx_word' id='word_1_24' title='bbox 953 797 1116 882; x_wconf 87' lang='lat' dir='ltr'>cuiusque</span> <span class='ocrx_word' id='word_1_25' title='bbox 1146 796 1189 861; x_wconf 89' lang='lat' dir='ltr'>ad</span> <span class='ocrx_word' id='word_1_26' title='bbox 1223 802 1374 861; x_wconf 86' lang='lat' dir='ltr'>caeteras</span> 
     </span>
    </p>

    <p class='ocr_par' dir='ltr' id='par_1_5' title="bbox 193 922 1374 1116">
     <span class='ocr_line' id='line_1_5' title="bbox 236 922 1374 1012; baseline -0.004 -23"><span class='ocrx_word' id='word_1_27' title='bbox 236 931 352 1011; x_wconf 88' lang='lat' dir='ltr'>partes</span> <span class='ocrx_word' id='word_1_28' title='bbox 381 924 559 1012; x_wconf 75' lang='lat' dir='ltr'>proportio</span> <span class='ocrx_word' id='word_1_29' title='bbox 584 924 727 990; x_wconf 80' lang='lat' dir='ltr'>cuilibet</span> <span class='ocrx_word' id='word_1_30' title='bbox 756 924 843 989; x_wconf 88' lang='lat' dir='ltr'>citra</span> <span class='ocrx_word' id='word_1_31' title='bbox 862 946 998 989; x_wconf 91' lang='lat' dir='ltr'>omnem</span> <span class='ocrx_word' id='word_1_32' title='bbox 1023 922 1143 1010; x_wconf 83' lang='lat' dir='ltr'>pervia</span> <span class='ocrx_word' id='word_1_33' title='bbox 1159 927 1272 1008; x_wconf 88' lang='lat' dir='ltr'>potest</span> <span class='ocrx_word' id='word_1_34' title='bbox 1302 944 1374 985; x_wconf 87' lang='lat' dir='ltr'>esse</span> 
     </span>
     <span class='ocr_line' id='line_1_6' title="bbox 193 1043 485 1116; baseline -0.007 0"><span class='ocrx_word' id='word_1_35' title='bbox 193 1043 214 1108; x_wconf 76' lang='grc' dir='ltr'>ὅ</span> <span class='ocrx_word' id='word_1_36' title='bbox 237 1049 485 1116; x_wconf 89' lang='lat' dir='ltr'>difficultatem.</span> 
     </span>
    </p>

    <p class='ocr_par' dir='ltr' id='par_1_6' title="bbox 236 1174 1437 1494">
     <span class='ocr_line' id='line_1_7' title="bbox 323 1174 1437 1261; baseline -0.003 -21"><span class='ocrx_word' id='word_1_37' title='bbox 323 1176 406 1240; x_wconf 86' lang='lat' dir='ltr'>Bor.</span> <span class='ocrx_word' id='word_1_38' title='bbox 431 1174 576 1240; x_wconf 85' lang='lat' dir='ltr'>Cuinam</span> <span class='ocrx_word' id='word_1_39' title='bbox 595 1197 748 1260; x_wconf 88' lang='lat' dir='ltr'>unquam</span> <span class='ocrx_word' id='word_1_40' title='bbox 778 1175 929 1240; x_wconf 87' lang='lat' dir='ltr'>accidere</span> <span class='ocrx_word' id='word_1_41' title='bbox 953 1181 1067 1261; x_wconf 88' lang='lat' dir='ltr'>potest</span> <span class='ocrx_word' id='word_1_42' title='bbox 1094 1174 1131 1238; x_wconf 93' lang='lat' dir='ltr'>in</span> <span class='ocrx_word' id='word_1_43' title='bbox 1150 1179 1316 1257; x_wconf 87' lang='lat' dir='ltr'>mentem,</span> <span class='ocrx_word' id='word_1_44' title='bbox 1337 1179 1376 1238; x_wconf 93' lang='lat' dir='ltr'>ut</span> <span class='ocrx_word' id='word_1_45' title='bbox 1430 1189 1437 1208; x_wconf 67' lang='lat'>⁸</span> 
     </span>
     <span class='ocr_line' id='line_1_8' title="bbox 236 1298 1378 1388; baseline -0.004 -22"><span class='ocrx_word' id='word_1_46' title='bbox 236 1301 300 1366; x_wconf 89' lang='lat' dir='ltr'>hoc</span> <span class='ocrx_word' id='word_1_47' title='bbox 318 1300 356 1365; x_wconf 93' lang='lat' dir='ltr'>ni</span> <span class='ocrx_word' id='word_1_48' title='bbox 376 1299 601 1388; x_wconf 88' lang='lat' dir='ltr'>impossibile,</span> <span class='ocrx_word' id='word_1_49' title='bbox 622 1301 743 1365; x_wconf 88' lang='lat' dir='ltr'>saltem</span> <span class='ocrx_word' id='word_1_50' title='bbox 766 1323 836 1367; x_wconf 92' lang='lat' dir='ltr'>non</span> <span class='ocrx_word' id='word_1_51' title='bbox 859 1301 909 1365; x_wconf 86' lang='lat' dir='ltr'>ita</span> <span class='ocrx_word' id='word_1_52' title='bbox 933 1323 995 1365; x_wconf 90' lang='lat' dir='ltr'>nec</span> <span class='ocrx_word' id='word_1_53' title='bbox 1014 1322 1121 1388; x_wconf 90' lang='lat' dir='ltr'>prope</span> <span class='ocrx_word' id='word_1_54' title='bbox 1150 1299 1199 1364; x_wconf 88' lang='lat' dir='ltr'>ita</span> <span class='ocrx_word' id='word_1_55' title='bbox 1218 1298 1319 1364; x_wconf 86' lang='lat' dir='ltr'>facile</span> <span class='ocrx_word' id='word_1_56' title='bbox 1338 1304 1378 1362; x_wconf 93' lang='lat' dir='ltr'>ut</span> 
     </span>
     <span class='ocr_line' id='line_1_9' title="bbox 240 1427 615 1494; baseline -0.003 -1"><span class='ocrx_word' id='word_1_57' title='bbox 240 1429 362 1494; x_wconf 86' lang='lat' dir='ltr'>asseris</span> <span class='ocrx_word' id='word_1_58' title='bbox 382 1435 453 1493; x_wconf 88' lang='lat' dir='ltr'>esse</span> <span class='ocrx_word' id='word_1_59' title='bbox 473 1427 615 1493; x_wconf 82' lang='lat' dir='ltr'>credat?</span> 
     </span>
    </p>

    <p class='ocr_par' dir='ltr' id='par_1_7' title="bbox 326 1550 1380 1640">
     <span class='ocr_line' id='line_1_10' title="bbox 326 1550 1380 1640; baseline -0.002 -22"><span class='ocrx_word' id='word_1_60' title='bbox 326 1554 417 1619; x_wconf 85' lang='lat' dir='ltr'>Mon.</span> <span class='ocrx_word' id='word_1_61' title='bbox 444 1553 510 1632; x_wconf 80' lang='lat' dir='ltr'>Qui</span> <span class='ocrx_word' id='word_1_62' title='bbox 530 1553 622 1640; x_wconf 88' lang='lat' dir='ltr'>quod</span> <span class='ocrx_word' id='word_1_63' title='bbox 640 1553 706 1619; x_wconf 85' lang='lat' dir='ltr'>sibi</span> <span class='ocrx_word' id='word_1_64' title='bbox 726 1552 815 1619; x_wconf 85' lang='lat' dir='ltr'>forte</span> <span class='ocrx_word' id='word_1_65' title='bbox 838 1559 889 1618; x_wconf 90' lang='lat' dir='ltr'>est</span> <span class='ocrx_word' id='word_1_66' title='bbox 906 1552 1130 1640; x_wconf 88' lang='lat' dir='ltr'>impossibile,</span> <span class='ocrx_word' id='word_1_67' title='bbox 1150 1552 1312 1640; x_wconf 74' lang='lat' dir='ltr'>opinatur</span> <span class='ocrx_word' id='word_1_68' title='bbox 1331 1550 1380 1616; x_wconf 91' lang='lat' dir='ltr'>al-</span> 
     </span>
    </p>

    <p class='ocr_par' dir='ltr' id='par_1_8' title="bbox 173 1679 737 1766">
     <span class='ocr_line' id='line_1_11' title="bbox 173 1679 737 1766; baseline 0.002 -24"><span class='ocrx_word' id='word_1_69' title='bbox 173 1679 216 1742; x_wconf 89' lang='lat'>10</span> <span class='ocrx_word' id='word_1_70' title='bbox 238 1680 304 1745; x_wconf 84' lang='lat' dir='ltr'>teri</span> <span class='ocrx_word' id='word_1_71' title='bbox 323 1702 393 1746; x_wconf 91' lang='lat' dir='ltr'>non</span> <span class='ocrx_word' id='word_1_72' title='bbox 411 1701 511 1766; x_wconf 89' lang='lat' dir='ltr'>posse</span> <span class='ocrx_word' id='word_1_73' title='bbox 534 1702 606 1745; x_wconf 88' lang='lat' dir='ltr'>osse</span> <span class='ocrx_word' id='word_1_74' title='bbox 626 1679 737 1744; x_wconf 84' lang='lat' dir='ltr'>facile.</span> 
     </span>
    </p>

    <p class='ocr_par' dir='ltr' id='par_1_9' title="bbox 237 1802 1380 2266">
     <span class='ocr_line' id='line_1_12' title="bbox 325 1802 1379 1889; baseline -0.003 -19"><span class='ocrx_word' id='word_1_75' title='bbox 325 1806 409 1871; x_wconf 82' lang='lat' dir='ltr'>Bor.</span> <span class='ocrx_word' id='word_1_76' title='bbox 432 1803 481 1870; x_wconf 84' lang='lat' dir='ltr'>At</span> <span class='ocrx_word' id='word_1_77' title='bbox 505 1803 535 1869; x_wconf 87' lang='lat' dir='ltr'>si</span> <span class='ocrx_word' id='word_1_78' title='bbox 558 1804 607 1870; x_wconf 83' lang='lat' dir='ltr'>ita</span> <span class='ocrx_word' id='word_1_79' title='bbox 627 1810 679 1869; x_wconf 88' lang='lat' dir='ltr'>est</span> <span class='ocrx_word' id='word_1_80' title='bbox 700 1811 740 1869; x_wconf 91' lang='lat' dir='ltr'>ut</span> <span class='ocrx_word' id='word_1_81' title='bbox 759 1804 824 1887; x_wconf 86' lang='lat' dir='ltr'>ais,</span> <span class='ocrx_word' id='word_1_82' title='bbox 844 1803 920 1888; x_wconf 90' lang='lat' dir='ltr'>quis</span> <span class='ocrx_word' id='word_1_83' title='bbox 940 1803 1008 1869; x_wconf 91' lang='lat' dir='ltr'>nisi</span> <span class='ocrx_word' id='word_1_84' title='bbox 1027 1802 1220 1870; x_wconf 83' lang='lat' dir='ltr'>invidiosus</span> <span class='ocrx_word' id='word_1_85' title='bbox 1247 1809 1281 1868; x_wconf 90' lang='lat' dir='ltr'>et</span> <span class='ocrx_word' id='word_1_86' title='bbox 1304 1824 1379 1889; x_wconf 89' lang='lat' dir='ltr'>per·</span> 
     </span>
     <span class='ocr_line' id='line_1_13' title="bbox 237 1927 1377 2016; baseline -0.003 -22"><span class='ocrx_word' id='word_1_87' title='bbox 237 1929 424 1996; x_wconf 84' lang='lat' dir='ltr'>versissimi</span> <span class='ocrx_word' id='word_1_88' title='bbox 448 1929 555 1994; x_wconf 84' lang='lat' dir='ltr'>animi</span> <span class='ocrx_word' id='word_1_89' title='bbox 579 1929 757 2015; x_wconf 81' lang='lat' dir='ltr'>ingenium</span> <span class='ocrx_word' id='word_1_90' title='bbox 778 1952 849 1994; x_wconf 86' lang='lat' dir='ltr'>esse</span> <span class='ocrx_word' id='word_1_91' title='bbox 877 1934 1004 2015; x_wconf 86' lang='lat' dir='ltr'>potest,</span> <span class='ocrx_word' id='word_1_92' title='bbox 1035 1928 1096 2013; x_wconf 92' lang='lat' dir='ltr'>qui</span> <span class='ocrx_word' id='word_1_93' title='bbox 1125 1934 1225 2016; x_wconf 87' lang='lat' dir='ltr'>putet</span> <span class='ocrx_word' id='word_1_94' title='bbox 1244 1927 1288 1992; x_wconf 83' lang='lat' dir='ltr'>ab</span> <span class='ocrx_word' id='word_1_95' title='bbox 1313 1927 1377 1992; x_wconf 87' lang='lat' dir='ltr'>hnc</span> 
     </span>
     <span class='ocr_line' id='line_1_14' title="bbox 238 2052 1379 2140; baseline -0.006 -18"><span class='ocrx_word' id='word_1_96' title='bbox 238 2063 350 2122; x_wconf 88' lang='lat' dir='ltr'>aetate</span> <span class='ocrx_word' id='word_1_97' title='bbox 373 2054 568 2140; x_wconf 87' lang='lat' dir='ltr'>futurisque</span> <span class='ocrx_word' id='word_1_98' title='bbox 592 2053 714 2119; x_wconf 86' lang='lat' dir='ltr'>seculis</span> <span class='ocrx_word' id='word_1_99' title='bbox 738 2054 887 2119; x_wconf 87' lang='lat' dir='ltr'>minores</span> <span class='ocrx_word' id='word_1_100' title='bbox 905 2053 972 2119; x_wconf 90' lang='lat' dir='ltr'>tibi</span> <span class='ocrx_word' id='word_1_101' title='bbox 996 2052 1113 2118; x_wconf 87' lang='lat' dir='ltr'>deberi</span> <span class='ocrx_word' id='word_1_102' title='bbox 1131 2058 1247 2138; x_wconf 89' lang='lat' dir='ltr'>grates</span> <span class='ocrx_word' id='word_1_103' title='bbox 1265 2059 1300 2117; x_wconf 88' lang='lat' dir='ltr'>et</span> <span class='ocrx_word' id='word_1_104' title='bbox 1319 2074 1379 2116; x_wconf 94' lang='lat' dir='ltr'>en·</span> 
     </span>
     <span class='ocr_line' id='line_1_15' title="bbox 239 2176 1380 2266; baseline -0.004 -21"><span class='ocrx_word' id='word_1_105' title='bbox 239 2181 360 2264; x_wconf 91' lang='lat' dir='ltr'>comia,</span> <span class='ocrx_word' id='word_1_106' title='bbox 386 2203 490 2266; x_wconf 92' lang='lat' dir='ltr'>quam</span> <span class='ocrx_word' id='word_1_107' title='bbox 519 2180 720 2266; x_wconf 89' lang='lat' dir='ltr'>cuicumque</span> <span class='ocrx_word' id='word_1_108' title='bbox 749 2179 809 2264; x_wconf 90' lang='lat' dir='ltr'>qui</span> <span class='ocrx_word' id='word_1_109' title='bbox 839 2179 955 2264; x_wconf 87' lang='lat' dir='ltr'>aliqua</span> <span class='ocrx_word' id='word_1_110' title='bbox 982 2178 1108 2244; x_wconf 87' lang='lat' dir='ltr'>celebri</span> <span class='ocrx_word' id='word_1_111' title='bbox 1132 2176 1380 2242; x_wconf 76' lang='lat' dir='ltr'>adinventione</span> 
     </span>
    </p>
   </div>
   <div class='ocr_carea' id='block_1_3' title="bbox 174 2301 1378 2496">
    <p class='ocr_par' dir='ltr' id='par_1_10' title="bbox 174 2301 1378 2496">
     <span class='ocr_line' id='line_1_16' title="bbox 174 2301 1378 2390; baseline -0.003 -20"><span class='ocrx_word' id='word_1_112' title='bbox 174 2301 215 2365; x_wconf 84' lang='lat'>15</span> <span class='ocrx_word' id='word_1_113' title='bbox 237 2305 403 2371; x_wconf 87' lang='lat' dir='ltr'>hactenns</span> <span class='ocrx_word' id='word_1_114' title='bbox 434 2305 624 2371; x_wconf 87' lang='lat' dir='ltr'>humanum</span> <span class='ocrx_word' id='word_1_115' title='bbox 657 2305 812 2371; x_wconf 87' lang='lat' dir='ltr'>animum</span> <span class='ocrx_word' id='word_1_116' title='bbox 849 2304 891 2369; x_wconf 87' lang='lat' dir='ltr'>nd</span> <span class='ocrx_word' id='word_1_117' title='bbox 929 2303 1161 2370; x_wconf 89' lang='lat' dir='ltr'>nobilissimos</span> <span class='ocrx_word' id='word_1_118' title='bbox 1202 2302 1378 2390; x_wconf 81' lang='lat' dir='ltr'>promovit</span> 
     </span>
     <span class='ocr_line' id='line_1_17' title="bbox 238 2429 405 2496; baseline 0 0"><span class='ocrx_word' id='word_1_119' title='bbox 238 2429 405 2496; x_wconf 86' lang='lat' dir='ltr'>habitus?</span> 
     </span>
    </p>
   </div>
   <div class='ocr_carea' id='block_1_4' title="bbox 329 2552 1381 2651">
    <p class='ocr_par' dir='ltr' id='par_1_11' title="bbox 329 2552 1381 2651">
     <span class='ocr_line' id='line_1_18' title="bbox 329 2552 1381 2651; baseline -0.005 -30"><span class='ocrx_word' id='word_1_120' title='bbox 329 2557 419 2621; x_wconf 86' lang='lat' dir='ltr'>Mon.</span> <span class='ocrx_word' id='word_1_121' title='bbox 444 2555 512 2634; x_wconf 75' lang='lat' dir='ltr'>Qui</span> <span class='ocrx_word' id='word_1_122' title='bbox 531 2556 680 2620; x_wconf 90' lang='lat' dir='ltr'>animam</span> <span class='ocrx_word' id='word_1_123' title='bbox 696 2556 917 2651; x_wconf 83' lang='lat' dir='ltr'>sinestatora</span> <span class='ocrx_word' id='word_1_124' title='bbox 933 2561 1055 2620; x_wconf 86' lang='lat' dir='ltr'>nactus</span> <span class='ocrx_word' id='word_1_125' title='bbox 1075 2560 1142 2639; x_wconf 89' lang='lat' dir='ltr'>est,</span> <span class='ocrx_word' id='word_1_126' title='bbox 1163 2552 1223 2639; x_wconf 91' lang='lat' dir='ltr'>qui</span> <span class='ocrx_word' id='word_1_127' title='bbox 1241 2553 1291 2617; x_wconf 89' lang='lat' dir='ltr'>rei</span> <span class='ocrx_word' id='word_1_128' title='bbox 1309 2574 1381 2617; x_wconf 92' lang='lat' dir='ltr'>mo·</span> 
     </span>
    </p>
   </div>
   <div class='ocr_carea' id='block_1_5' title="bbox 238 2677 1376 2891">
    <p class='ocr_par' dir='ltr' id='par_1_12' title="bbox 238 2677 1376 2891">
     <span class='ocr_line' id='line_1_19' title="bbox 238 2677 1356 2768; baseline -0.004 -22"><span class='ocrx_word' id='word_1_129' title='bbox 238 2688 393 2747; x_wconf 88' lang='lat' dir='ltr'>mentum</span> <span class='ocrx_word' id='word_1_130' title='bbox 412 2704 482 2746; x_wconf 91' lang='lat' dir='ltr'>non</span> <span class='ocrx_word' id='word_1_131' title='bbox 502 2681 607 2768; x_wconf 89' lang='lat' dir='ltr'>capit,</span> <span class='ocrx_word' id='word_1_132' title='bbox 629 2681 689 2767; x_wconf 92' lang='lat' dir='ltr'>qui</span> <span class='ocrx_word' id='word_1_133' title='bbox 707 2681 823 2746; x_wconf 89' lang='lat' dir='ltr'>lumen</span> <span class='ocrx_word' id='word_1_134' title='bbox 841 2680 1091 2766; x_wconf 70' lang='lat' dir='ltr'>intelligentiae</span> <span class='ocrx_word' id='word_1_135' title='bbox 1110 2701 1182 2744; x_wconf 92' lang='lat' dir='ltr'>non</span> <span class='ocrx_word' id='word_1_136' title='bbox 1201 2677 1356 2762; x_wconf 86' lang='lat' dir='ltr'>attingit.</span> 
     </span>
     <span class='ocr_line' id='line_1_20' title="bbox 326 2802 1376 2891; baseline -0.005 -20"><span class='ocrx_word' id='word_1_137' title='bbox 326 2807 407 2872; x_wconf 86' lang='lat' dir='ltr'>Bor.</span> <span class='ocrx_word' id='word_1_138' title='bbox 431 2807 518 2888; x_wconf 90' lang='lat' dir='ltr'>Iam,</span> <span class='ocrx_word' id='word_1_139' title='bbox 539 2807 568 2870; x_wconf 90' lang='lat' dir='ltr'>si</span> <span class='ocrx_word' id='word_1_140' title='bbox 594 2806 706 2891; x_wconf 90' lang='lat' dir='ltr'>lubet,</span> <span class='ocrx_word' id='word_1_141' title='bbox 726 2807 786 2871; x_wconf 90' lang='lat' dir='ltr'>ede</span> <span class='ocrx_word' id='word_1_142' title='bbox 814 2805 1070 2871; x_wconf 80' lang='lat' dir='ltr'>adinventionis</span> <span class='ocrx_word' id='word_1_143' title='bbox 1098 2811 1176 2870; x_wconf 90' lang='lat' dir='ltr'>tuae</span> <span class='ocrx_word' id='word_1_144' title='bbox 1196 2802 1376 2891; x_wconf 84' lang='lat' dir='ltr'>specimen.</span> 
     </span>
    </p>
   </div>
   <div class='ocr_carea' id='block_1_6' title="bbox 171 3423 1455 4388">
    <p class='ocr_par' dir='ltr' id='par_1_13' title="bbox 171 3423 1455 4016">
     <span class='ocr_line' id='line_1_21' title="bbox 171 3423 1455 3515; baseline -0.005 -18"><span class='ocrx_word' id='word_1_145' title='bbox 171 3435 216 3497; x_wconf 76' lang='lat'>‘20</span> <span class='ocrx_word' id='word_1_146' title='bbox 238 3427 449 3513; x_wconf 87' lang='lat' dir='ltr'>Proponitur</span> <span class='ocrx_word' id='word_1_147' title='bbox 478 3425 534 3490; x_wconf 83' lang='lat' dir='ltr'>hic</span> <span class='ocrx_word' id='word_1_148' title='bbox 557 3425 623 3490; x_wconf 88' lang='lat' dir='ltr'>tibi</span> <span class='ocrx_word' id='word_1_149' title='bbox 646 3425 834 3491; x_wconf 74' lang='lat' dir='ltr'>diametrus</span> <span class='ocrx_word' id='word_1_150' title='bbox 858 3426 921 3491; x_wconf 86' lang='grc' dir='ltr'>ΑΒ</span> <span class='ocrx_word' id='word_1_151' title='bbox 951 3425 955 3515; x_wconf 74' lang='lat' dir='ltr'>l</span> <span class='ocrx_word' id='word_1_152' title='bbox 987 3431 1103 3511; x_wconf 87' lang='lat' dir='ltr'>(quam</span> <span class='ocrx_word' id='word_1_153' title='bbox 1134 3423 1286 3511; x_wconf 86' lang='lat' dir='ltr'>partium</span> <span class='ocrx_word' id='word_1_154' title='bbox 1320 3423 1375 3487; x_wconf 87' lang='lat' dir='ltr'>vel</span> <span class='ocrx_word' id='word_1_155' title='bbox 1399 3428 1455 3490; x_wconf 62' lang='lat'>4&#39;</span> 
     </span>
     <span class='ocr_line' id='line_1_22' title="bbox 237 3548 1375 3638; baseline -0.004 -22"><span class='ocrx_word' id='word_1_156' title='bbox 237 3551 365 3635; x_wconf 83' lang='lat' dir='ltr'>viginti</span> <span class='ocrx_word' id='word_1_157' title='bbox 384 3551 439 3617; x_wconf 88' lang='lat' dir='ltr'>vel</span> <span class='ocrx_word' id='word_1_158' title='bbox 458 3551 637 3637; x_wconf 81' lang='lat' dir='ltr'>sexaginta</span> <span class='ocrx_word' id='word_1_159' title='bbox 656 3551 712 3616; x_wconf 82' lang='lat' dir='ltr'>vel</span> <span class='ocrx_word' id='word_1_160' title='bbox 731 3558 1044 3637; x_wconf 85' lang='lat' dir='ltr'>quantamcumque</span> <span class='ocrx_word' id='word_1_161' title='bbox 1060 3573 1123 3638; x_wconf 91' lang='lat' dir='ltr'>pro</span> <span class='ocrx_word' id='word_1_162' title='bbox 1140 3548 1315 3615; x_wconf 89' lang='lat' dir='ltr'>commodo</span> <span class='ocrx_word' id='word_1_163' title='bbox 1341 3555 1375 3612; x_wconf 88' lang='lat' dir='ltr'>et</span> 
     </span>
     <span class='ocr_line' id='line_1_23' title="bbox 238 3673 1374 3764; baseline -0.004 -23"><span class='ocrx_word' id='word_1_164' title='bbox 238 3677 414 3742; x_wconf 81' lang='lat' dir='ltr'>occasione</span> <span class='ocrx_word' id='word_1_165' title='bbox 443 3699 570 3763; x_wconf 90' lang='lat' dir='ltr'>ponere</span> <span class='ocrx_word' id='word_1_166' title='bbox 599 3675 692 3759; x_wconf 84' lang='lat' dir='ltr'>licet)</span> <span class='ocrx_word' id='word_1_167' title='bbox 719 3676 888 3742; x_wconf 85' lang='lat' dir='ltr'>sexdecim</span> <span class='ocrx_word' id='word_1_168' title='bbox 918 3677 1071 3764; x_wconf 89' lang='lat' dir='ltr'>partium</span> <span class='ocrx_word' id='word_1_169' title='bbox 1100 3674 1308 3761; x_wconf 85' lang='lat' dir='ltr'>aequalium,</span> <span class='ocrx_word' id='word_1_170' title='bbox 1333 3673 1374 3737; x_wconf 90' lang='lat' dir='ltr'>de</span> 
     </span>
     <span class='ocr_line' id='line_1_24' title="bbox 239 3798 1373 3889; baseline -0.003 -23"><span class='ocrx_word' id='word_1_171' title='bbox 239 3824 306 3887; x_wconf 87' lang='lat' dir='ltr'>qua</span> <span class='ocrx_word' id='word_1_172' title='bbox 322 3801 421 3885; x_wconf 85' lang='lat' dir='ltr'>duae,</span> <span class='ocrx_word' id='word_1_173' title='bbox 443 3824 526 3886; x_wconf 91' lang='lat' dir='ltr'>quas</span> <span class='ocrx_word' id='word_1_174' title='bbox 544 3801 716 3885; x_wconf 85' lang='lat' dir='ltr'>novimus,</span> <span class='ocrx_word' id='word_1_175' title='bbox 728 3801 911 3867; x_wconf 84' lang='lat' dir='ltr'>sumendae</span> <span class='ocrx_word' id='word_1_176' title='bbox 924 3808 1005 3867; x_wconf 91' lang='lat' dir='ltr'>sunt</span> <span class='ocrx_word' id='word_1_177' title='bbox 1024 3807 1139 3889; x_wconf 88' lang='lat' dir='ltr'>partes</span> <span class='ocrx_word' id='word_1_178' title='bbox 1152 3823 1229 3865; x_wconf 90' lang='lat' dir='ltr'>cum</span> <span class='ocrx_word' id='word_1_179' title='bbox 1241 3798 1373 3883; x_wconf 89' lang='lat' dir='ltr'>aliqua,</span> 
     </span>
     <span class='ocr_line' id='line_1_25' title="bbox 240 3923 1374 4016; baseline -0.004 -25"><span class='ocrx_word' id='word_1_180' title='bbox 240 3949 341 4012; x_wconf 88' lang='lat' dir='ltr'>quam</span> <span class='ocrx_word' id='word_1_181' title='bbox 361 3949 431 3993; x_wconf 91' lang='lat' dir='ltr'>non</span> <span class='ocrx_word' id='word_1_182' title='bbox 450 3926 621 4008; x_wconf 86' lang='lat' dir='ltr'>novimus,</span> <span class='ocrx_word' id='word_1_183' title='bbox 642 3927 763 3991; x_wconf 86' lang='lat' dir='ltr'>tertiae</span> <span class='ocrx_word' id='word_1_184' title='bbox 782 3927 891 4015; x_wconf 89' lang='lat' dir='ltr'>partis</span> <span class='ocrx_word' id='word_1_185' title='bbox 907 3928 1065 4016; x_wconf 92' lang='lat' dir='ltr'>portione</span> <span class='ocrx_word' id='word_1_186' title='bbox 1081 3923 1374 4013; x_wconf 82' lang='lat' dir='ltr'>comprehensam</span> 
     </span>
    </p>

    <p class='ocr_par' dir='ltr' id='par_1_14' title="bbox 172 4048 1375 4388">
     <span class='ocr_line' id='line_1_26' title="bbox 172 4048 1375 4140; baseline -0.004 -23"><span class='ocrx_word' id='word_1_187' title='bbox 172 4062 215 4126; x_wconf 80' lang='lat'>25</span> <span class='ocrx_word' id='word_1_188' title='bbox 239 4053 354 4140; x_wconf 61' lang='lat' dir='ltr'>stracio</span> <span class='ocrx_word' id='word_1_189' title='bbox 372 4053 447 4136; x_wconf 87' lang='lat' dir='ltr'>CD,</span> <span class='ocrx_word' id='word_1_190' title='bbox 469 4075 554 4138; x_wconf 87' lang='lat' dir='ltr'>quae</span> <span class='ocrx_word' id='word_1_191' title='bbox 579 4052 843 4118; x_wconf 84' lang='lat' dir='ltr'>indeterminate</span> <span class='ocrx_word' id='word_1_192' title='bbox 866 4062 900 4119; x_wconf 92' lang='lat' dir='ltr'>et</span> <span class='ocrx_word' id='word_1_193' title='bbox 924 4054 1052 4140; x_wconf 89' lang='lat' dir='ltr'>ab&#39;squo</span> <span class='ocrx_word' id='word_1_194' title='bbox 1076 4048 1375 4138; x_wconf 83' lang='lat' dir='ltr'>comprehensibili</span> 
     </span>
     <span class='ocr_line' id='line_1_27' title="bbox 238 4174 1375 4266; baseline -0.004 -24"><span class='ocrx_word' id='word_1_195' title='bbox 238 4178 461 4266; x_wconf 85' lang='lat' dir='ltr'>proportione</span> <span class='ocrx_word' id='word_1_196' title='bbox 479 4178 608 4244; x_wconf 86' lang='lat' dir='ltr'>recedit</span> <span class='ocrx_word' id='word_1_197' title='bbox 632 4201 652 4243; x_wconf 90' lang='lat' dir='ltr'>a</span> <span class='ocrx_word' id='word_1_198' title='bbox 672 4201 772 4243; x_wconf 84' lang='lat' dir='ltr'>sensu</span> <span class='ocrx_word' id='word_1_199' title='bbox 796 4179 1004 4261; x_wconf 86' lang='lat' dir='ltr'>medietatis,</span> <span class='ocrx_word' id='word_1_200' title='bbox 1031 4176 1246 4264; x_wconf 81' lang='lat' dir='ltr'>quadrantis,</span> <span class='ocrx_word' id='word_1_201' title='bbox 1265 4174 1375 4257; x_wconf 78' lang='lat' dir='ltr'>tertii,</span> 
     </span>
     <span class='ocr_line' id='line_1_28' title="bbox 239 4289 1375 4388; baseline -0.004 -19"><span class='ocrx_word' id='word_1_202' title='bbox 239 4303 449 4388; x_wconf 85' lang='lat' dir='ltr'>caeterisque</span> <span class='ocrx_word' id='word_1_203' title='bbox 469 4303 607 4369; x_wconf 83' lang='lat' dir='ltr'>facilem</span> <span class='ocrx_word' id='word_1_204' title='bbox 630 4303 771 4369; x_wconf 86' lang='lat' dir='ltr'>reddere</span> <span class='ocrx_word' id='word_1_205' title='bbox 795 4304 984 4369; x_wconf 91' lang='lat' dir='ltr'>solentibus</span> <span class='ocrx_word' id='word_1_206' title='bbox 1008 4289 1375 4369; x_wconf 79' lang='lat' dir='ltr'>commensurationem</span> 
     </span>
    </p>
   </div>
   <div class='ocr_carea' id='block_1_7' title="bbox 239 4428 1373 4519">
    <p class='ocr_par' dir='ltr' id='par_1_15' title="bbox 239 4428 1373 4519">
     <span class='ocr_line' id='line_1_29' title="bbox 239 4428 1373 4519; baseline -0.008 -24"><span class='ocrx_word' id='word_1_207' title='bbox 239 4430 426 4519; x_wconf 81' lang='lat' dir='ltr'>speciebus.</span> <span class='ocrx_word' id='word_1_208' title='bbox 456 4430 605 4495; x_wconf 80' lang='lat' dir='ltr'>Ostende</span> <span class='ocrx_word' id='word_1_209' title='bbox 633 4438 762 4516; x_wconf 83' lang='lat' dir='ltr'>quamn</span> <span class='ocrx_word' id='word_1_210' title='bbox 788 4429 834 4494; x_wconf 89' lang='lat' dir='ltr'>sit</span> <span class='ocrx_word' id='word_1_211' title='bbox 865 4430 924 4495; x_wconf 86' lang='lat' dir='ltr'>illa</span> <span class='ocrx_word' id='word_1_212' title='bbox 943 4429 1067 4495; x_wconf 81' lang='lat' dir='ltr'>fractio</span> <span class='ocrx_word' id='word_1_213' title='bbox 1087 4451 1147 4493; x_wconf 90' lang='lat' dir='ltr'>suo</span> <span class='ocrx_word' id='word_1_214' title='bbox 1168 4428 1202 4492; x_wconf 90' lang='lat' dir='ltr'>in</span> <span class='ocrx_word' id='word_1_215' title='bbox 1224 4428 1373 4513; x_wconf 80' lang='lat' dir='ltr'>integro,</span> 
     </span>
    </p>
   </div>
   <div class='ocr_carea' id='block_1_8' title="bbox 0 0 1726 5190">
    <p class='ocr_par' dir='ltr' id='par_1_16' title="bbox 0 0 1726 5190">
     <span class='ocr_line' id='line_1_30' title="bbox 0 0 1726 5190; baseline 0 0"><span class='ocrx_word' id='word_1_216' title='bbox 0 0 1726 5190; x_wconf 95' lang='lat' dir='ltr'> </span> 
     </span>
    </p>
   </div>
  </div>
 </body>
</html>
