3420 5190
1124 364 1142 393 1

567 442 747 486 srovaamo
770 442 901 486 rnrsror
923 443 1074 487 avnlrvs.
1129 404 1134 413 ⁵
1341 429 1397 486 153

251 620 327 664 sum
343 605 496 679 excusat,
516 597 649 663 ratione
670 601 674 684 1
695 621 765 665 non
784 598 942 664 adducta.
962 599 1058 664 Dioit
1088 621 1171 685 ergo
1202 598 1400 664 materiam:
1426 609 1477 670 9r

252 727 281 791 l.
304 724 456 812 primum
475 725 681 808 subiectum,
705 726 735 788 2.
760 747 802 803 ex
831 748 898 811 quo
922 725 961 789 fit
992 724 1124 811 aliquid
1142 724 1255 812 primo
1280 747 1341 812 per
1360 748 1396 789 se

252 856 286 916 et
304 873 375 916 non
393 850 580 915 seeundum
593 850 761 935 accidens,
782 853 811 915 3.
833 874 910 916 oum
929 850 1024 935 insit,
1041 852 1071 915 4.
1090 850 1321 937 cognoscibile
1338 873 1400 937 per

254 976 450 1065 analogiam
474 976 518 1041 ad
550 976 710 1060 formam,
743 977 773 1040 7).
803 999 885 1063 pars
915 976 1129 1042 substantiae
1159 975 1397 1063 physicorum,

209 1101 229 1165 5
253 1102 283 1166 6.
302 1124 365 1166 neo
383 1101 588 1189 simpliciter
607 1123 681 1184 ens,
699 1124 763 1167 neo
777 1101 983 1189 simpliciter
1001 1124 1072 1167 nou
1088 1124 1157 1184 enS,
1180 1102 1209 1167 7.
1229 1110 1398 1188 appetens

254 1226 410 1310 formam,
430 1233 470 1292 ut
489 1226 640 1292 foemina
665 1250 803 1310 marem,
822 1229 852 1291 8.
873 1226 1135 1313 ingenerabilis,
1164 1249 1242 1291 oum
1262 1250 1303 1291 ex
1322 1226 1397 1312 ipsa

254 1352 382 1436 omnia,
414 1354 443 1417 9.
473 1351 762 1439 incorruptibilis,
796 1374 874 1416 eum
902 1351 940 1416 in
974 1351 1085 1438 ipsam
1116 1351 1241 1416 omnia.
1277 1349 1398 1415 Priva-

254 1477 384 1542 tionem
403 1476 504 1542 dicit:
526 1478 554 1541 1.
585 1499 627 1542 ex
651 1499 717 1562 qua
740 1477 781 1542 fit
804 1476 936 1562 aliquid
965 1474 1287 1563 primosecundum
1312 1473 1398 1540 aeci-

254 1602 351 1687 dens,
372 1625 442 1668 non
465 1625 525 1690 per
549 1626 602 1687 se,
628 1604 657 1667 2.
684 1625 754 1668 non
777 1609 898 1667 extans
918 1602 954 1667 in
978 1601 1085 1685 facto,
1110 1603 1140 1666 3.
1166 1599 1398 1686 cognoscibile

190 1733 232 1798 10
254 1729 440 1795 secundum
463 1729 684 1816 negationem
702 1728 832 1795 formae
855 1751 933 1794 cum
957 1727 1182 1815 dispositione
1205 1726 1249 1792 ad
1271 1727 1397 1813 ipsam,

254 1856 285 1920 4.
309 1855 505 1943 privatione
534 1878 604 1921 non
635 1878 713 1939 ens,
743 1855 773 1919 ὅ.
797 1854 932 1919 ratione
955 1853 1051 1919 ouius
1082 1852 1227 1918 materia
1249 1852 1399 1917 formam

255 1982 407 2069 appetit,
432 1984 461 2046 6.
487 1981 654 2047 terminus
678 2004 698 2046 a
722 2002 789 2066 quo
819 1980 856 2044 in
885 1979 1122 2065 generatione,
1151 1979 1180 2043 7.
1204 2000 1275 2043 non
1298 1999 1399 2062 gene-

255 2107 389 2189 rabilis,
410 2107 490 2192 quia
509 2105 735 2194 principium,
751 2107 782 2169 8.
803 2127 873 2170 non
892 2103 1141 2190 corruptibilis,
1166 2102 1247 2187 quia
1271 2101 1397 2167 nonin

255 2235 465 2322 principium
490 2241 701 2318 (evanescere
725 2232 817 2297 enim
846 2231 963 2318 potius
987 2230 1127 2313 dicitur,
1153 2252 1211 2294 seu
1239 2234 1396 2312 cessare),

191 2365 232 2429 15
255 2364 285 2428 9.
306 2360 479 2447 quoddam
502 2360 545 2425 ad
569 2357 776 2425 maleficium
806 2357 991 2445 pertinens.
1011 2356 1173 2422 Formam
1202 2378 1283 2420 vero
1314 2353 1397 2439 quid

257 2487 317 2570 sit,
338 2486 508 2572 quomodo
528 2486 587 2571 sit,
608 2493 643 2550 et
666 2507 769 2570 quam
792 2481 991 2570 multiplex,
1012 2481 1239 2547 determinare
1263 2484 1396 2566 spectat

257 2612 301 2677 ad
320 2611 609 2700 metaphysieum,
629 2618 871 2699 praeterquam
890 2607 982 2694 quod
998 2604 1339 2693 decurruptibilibus
1359 2605 1396 2669 in

257 2737 503 2825 posterioribus
533 2735 817 2803 considerabitur.
836 2735 931 2799 Haeo
949 2755 990 2798 ex
1010 2731 1206 2798 Aristotele.
1237 2732 1345 2796 Porro
1365 2729 1394 2794 si

256 2865 332 2949 quis
360 2863 520 2946 formam,
550 2885 637 2949 quaa
665 2868 717 2927 est
739 2860 921 2949 physicum
940 2858 1166 2946 principium,
1195 2862 1236 2922 ut
1261 2855 1395 2922 duobus

189 2999 233 3064 20
255 2989 332 3055 aliis
352 2988 535 3076 respondet
550 2986 744 3076 principiis,
764 3008 863 3052 nossa
882 2984 1074 3068 desiderat,
1092 2982 1221 3070 poterit
1243 3005 1319 3047 eam
1343 3006 1397 3047 su·

256 3139 348 3180 mero
371 3139 413 3180 ex
436 3113 693 3180 conditionibus
718 3119 793 3177 tum
818 3110 985 3199 oppositis
1014 3118 1089 3175 tum
1108 3108 1279 3174 similibus
1298 3130 1394 3195 praa·

255 3241 436 3306 dictorum.
456 3241 519 3305 Est
547 3262 628 3325 ergo
656 3237 867 3326 principium
896 3238 925 3302 l.
953 3236 1039 3301 dans
1063 3258 1135 3300 esso
1155 3238 1160 3320 l
1181 3233 1394 3321 simpliciter,
1422 3236 1475 3297 9ν

256 3370 286 3432 2.
307 3365 503 3432 immediate
533 3365 645 3453 primo
665 3364 818 3429 subiecto
848 3361 1048 3443 advenienS,
1068 3363 1098 3425 3.
1120 3383 1161 3426 ex
1181 3382 1248 3445 quo
1273 3359 1312 3424 fit
1337 3359 1397 3424 ali-

257 3492 342 3579 quid
361 3515 422 3579 per
446 3515 494 3574 se,
518 3492 550 3556 4.
569 3491 607 3556 in
634 3512 671 3554 re
699 3488 791 3554 sacta
809 3510 1027 3575 permanens,
1048 3488 1078 3552 5.
1103 3486 1146 3552 ad
1166 3485 1262 3551 ouius
1282 3485 1399 3550 analo-

191 3625 234 3688 25
256 3619 350 3705 giam
376 3616 520 3682 materia
540 3622 592 3681 est
620 3613 875 3701 cognoscibilis,
895 3614 925 3677 6.
945 3636 1025 3700 pars
1049 3611 1263 3677 substantiae
1283 3611 1399 3698 physi-

257 3769 325 3826 cae,
343 3746 372 3810 7.
390 3742 646 3829 ingenerabilis,
659 3743 690 3805 8.
702 3739 987 3827 incorruptibilis,
1001 3740 1030 3804 9.
1042 3737 1213 3824 quoddam
1229 3735 1397 3818 divinum,

257 3871 427 3958 optimum
447 3876 481 3935 et
500 3866 699 3956 appetibile.

352 4142 366 4191 7
383 4140 413 4191 in
426 4137 625 4206 corruptibilis

396 4591 470 4630 naun
489 4590 543 4639 opp.
556 4590 596 4627 lul.
610 4588 628 4637 l,
639 4585 661 4631 t.
