3420 5190
464 447 578 495 svnnn
598 448 818 495 rasumosvu
837 449 1149 496 nsrarnvsroouvn.
1330 424 1368 494 31

233 630 302 675 uno
327 614 430 696 pacto
460 607 680 695 simpliciter,
709 614 748 673 ut
772 607 862 673 nihil
890 615 942 673 cst
964 609 1156 696 perfectum
1178 607 1247 673 nisi
1272 606 1380 690 Deus,

234 732 294 818 qui
314 739 366 798 est
386 732 502 798 omnia
525 739 560 798 et
580 732 636 798 cui
659 732 748 798 nihil
772 732 977 821 simpliciter
995 733 1106 817 deest3
1127 733 1195 799 alio
1211 737 1313 819 pacto
1333 730 1383 796 di·

233 857 324 924 citur
341 856 533 945 perfectum
552 858 589 923 in
608 880 669 924 suo
687 880 825 944 genere,
846 865 879 924 et
898 859 962 924 hoc
980 865 1081 946 pacto
1101 857 1217 924 omnia
1236 863 1381 944 possunt

164 1027 167 1033 ·
233 982 303 1049 dici
320 982 474 1071 perfecta
498 989 532 1049 et
556 983 659 1049 valde
683 984 787 1068 bona,
807 990 912 1072 prout
936 991 1099 1050 constant
1123 982 1274 1049 numeris
1299 1004 1379 1047 suae

191 1111 213 1175 ὅ
236 1108 362 1196 speciei
374 1109 826 1193 communicantibus,sicut
835 1109 1008 1196 perfectus
1034 1132 1186 1198 serpens,
1206 1109 1296 1174 latro
1315 1113 1378 1172 etc.

233 1234 280 1300 Et
299 1234 384 1300 Cato
403 1241 455 1300 est
472 1234 662 1322 perfectus,
686 1234 793 1303 idest
819 1235 970 1325 perfecte
993 1236 1137 1323 probus,
1163 1235 1244 1321 quia
1272 1233 1378 1299 habet

234 1382 371 1425 omnem
386 1359 611 1446 probitatem,
627 1361 723 1427 cuius
739 1384 849 1449 capax
860 1384 932 1427 esse
942 1367 1058 1449 potest
1072 1360 1251 1448 ingenium
1262 1359 1380 1425 huma·

234 1506 331 1569 num,
352 1484 407 1551 vel
426 1484 614 1552 secundum
632 1486 728 1552 illam
748 1486 1028 1575 complexionem.

656 1742 753 1810 XIV.
778 1742 955 1810 Coomrro.

170 1993 213 2057 10
326 1987 487 2075 Cognitio
506 1989 612 2076 vulgo
636 1990 823 2056 secundum
846 1990 973 2057 multas
998 1988 1269 2076 significationes
1293 1985 1379 2054 acci-

233 2112 338 2201 pitur.
359 2113 539 2179 Interdum
558 2115 652 2181 enim
671 2115 845 2202 siguificat
870 2117 957 2183 velle
980 2117 1036 2182 vel
1060 2137 1187 2197 amare,
1209 2112 1299 2180 unde
1318 2134 1375 2178 eos

233 2236 364 2304 nescire
388 2238 535 2305 dicimus
559 2240 615 2306 vel
648 2263 720 2307 non
744 2264 856 2327 nosse,
878 2264 963 2327 quos
988 2263 1059 2307 non
1082 2261 1245 2306 amamus.
1271 2238 1380 2304 Inter-

234 2362 317 2428 dum
336 2362 442 2429 etiam
460 2364 614 2450 cognitio
638 2365 812 2452 significat
836 2367 1019 2453 appulsum
1038 2364 1101 2448 rei,
1122 2371 1161 2429 ut
1180 2364 1231 2429 sol
1250 2362 1379 2428 dieitur

234 2509 439 2574 cognoscere
462 2488 685 2556 occidentem.
704 2491 847 2579 Proprie
865 2514 947 2558 vero
971 2489 1124 2578 cognitio
1148 2489 1297 2555 sumitur
1315 2507 1379 2574 pro

170 2615 212 2681 15
234 2613 391 2701 potentia
411 2615 661 2702 apprehensiva
679 2617 892 2682 obiectorum
911 2614 1228 2703 coguoscilbilium,
1246 2612 1380 2678 ethaeo
1404 2609 1512 2674 438
1531 2607 1570 2675 G

234 2744 287 2803 est
306 2738 618 2827 secundumplures
629 2741 768 2828 species.
785 2741 849 2807 Est
868 2742 961 2807 enim
980 2739 1133 2827 cognitio
1150 2738 1331 2818 sensitiva,
1345 2743 1380 2801 et

235 2861 319 2929 haec
338 2864 478 2951 duplex:
509 2865 659 2931 exterior
684 2865 745 2931 illa
769 2867 975 2953 quintuplex
999 2873 1033 2932 et
1056 2865 1212 2948 interior,
1238 2862 1381 2928 ethaeo

236 2996 288 3054 cst
313 2989 541 3078 quadruplex,
571 2991 667 3075 iuxta
698 2999 846 3078 quatuor
880 2993 1022 3080 species,
1055 3014 1142 3077 quae
1177 2996 1271 3055 sunt:
1306 3010 1380 3052 sen-

236 3136 293 3180 sus
314 3115 319 3198 Ι
340 3115 545 3199 communiS,
580 3117 676 3183 cuius
700 3125 752 3183 est
772 3119 922 3206 recipere
941 3125 976 3184 et
999 3117 1098 3183 unire
1122 3122 1156 3182 et
1182 3136 1380 3201 comparare
1405 3110 1547 3175 22M

169 3243 214 3308 20
236 3263 374 3307 sensum
393 3264 501 3308 unum
520 3250 703 3308 externum
727 3267 805 3311 cum
834 3245 962 3327 altero,
983 3243 1179 3332 phantasia,
1199 3241 1296 3307 cuius
1328 3245 1380 3305 est

237 3388 441 3454 componere
459 3373 494 3433 et
512 3367 666 3434 dividere
685 3369 815 3456 species
835 3369 1026 3453 sensibiles,
1045 3374 1084 3433 ut
1103 3367 1215 3433 facere
1234 3367 1381 3432 Centau-

236 3515 323 3576 rum,
346 3491 578 3578 Chimaeram,
600 3493 755 3559 Sirenem
775 3501 809 3560 et
828 3500 980 3560 montem
999 3516 1140 3559 aureum
1159 3492 1265 3557 ethis
1286 3492 1380 3557 sinri-

240 3617 301 3700 lia;
321 3616 427 3683 tertia
447 3617 648 3704 cogitativa,
669 3642 757 3705 quae
776 3620 817 3685 de
836 3621 949 3708 specie
972 3618 1127 3685 sensibili
1151 3616 1380 3705 apprehendit

237 3740 372 3826 aliquid
390 3741 603 3827 insensibile,
624 3750 663 3811 ut
683 3744 757 3811 viso
773 3752 931 3833 serpente
949 3744 1050 3810 homo
1070 3741 1297 3830 apprehendit
1317 3741 1381 3806 ini-

169 3865 213 3932 25
237 3865 421 3950 micitiam,
437 3867 658 3935 formidinem
677 3871 813 3956 mortis,
829 3877 864 3936 et
876 3871 949 3937 ovis
968 3869 1043 3937 viso
1062 3868 1143 3956 lupo
1159 3866 1381 3933 formidinem

237 3991 359 4058 mortis
371 3999 407 4058 et
425 3993 647 4060 inimicitiam
665 3995 893 4084 apprehendit
909 3995 1130 4077 naturaliter,
1153 4017 1239 4080 quae
1263 4000 1383 4080 poten·

237 4115 287 4181 tia
306 4115 344 4181 in
368 4117 481 4185 brutis
505 4119 633 4185 dicitur
656 4121 883 4188 aestimativa.
905 4120 1069 4206 Sequitur
1093 4119 1269 4202 memoria,
1295 4140 1382 4204 quae

236 4245 288 4306 est
311 4243 469 4329 potentia
488 4245 660 4311 retentiva
684 4270 743 4313 seu
770 4246 1007 4312 conservativa
1031 4268 1152 4311 aarum
1175 4244 1381 4331 specierum,

328 4503 345 4554 4
366 4508 482 4555 constat
493 4502 525 4553 M
586 4505 617 4555 17
634 4503 685 4555 illc
698 4505 809 4570 (Quae)
823 4501 1006 4570 quintuplex)
1022 4501 1046 4555 G
