3420 5190
245 372 285 434 82
683 392 823 438 rososur
843 390 945 438 savar

247 567 332 631 quas
352 568 470 612 sensus
493 546 675 615 interiores
697 548 754 614 vel
778 548 963 614 exteriores
985 545 1299 635 apprehenderunt.
1325 542 1390 613 Se·

244 671 363 756 quitur
394 672 503 758 ratio,
530 694 617 759 quae
643 672 786 761 propria
815 680 868 739 est
895 672 1042 757 homini,
1067 693 1191 759 nempe
1213 670 1389 759 potentia,

244 817 312 881 qua
336 819 377 862 ex
400 796 454 863 his
480 820 568 884 quae
586 820 688 864 sensu
711 804 793 865 sunt
816 797 1030 886 apprehensa
1046 802 1080 863 et
1096 800 1231 865 retenta
1252 793 1392 880 aliquid

244 920 389 988 ulterius
409 921 611 990 insensibile
633 945 694 990 seu
712 946 816 1011 supra
840 944 958 988 sensus
982 921 1131 991 infertur
1156 926 1192 989 et
1214 917 1391 989 concludi·
1455 969 1461 980 .

199 1046 220 1112 b
244 1051 314 1130 tur,
334 1052 374 1112 ut
394 1070 436 1112 ex
453 1047 721 1136 particularibus
739 1047 888 1115 infertur
905 1046 1116 1130 universale,
1135 1051 1228 1113 etex
1247 1043 1390 1131 quibus·

243 1170 323 1236 darn
342 1172 625 1239 antecedentibus
649 1172 817 1260 quaedam
837 1171 1096 1258 consequentia;
1114 1176 1150 1236 et
1169 1169 1253 1237 haec
1271 1168 1392 1256 cogni·

242 1297 292 1363 tio
312 1296 440 1363 dicitur
462 1297 647 1382 discursus,
673 1297 772 1384 quasi
794 1297 970 1383 decursae,
996 1302 1165 1385 quatenus
1188 1294 1387 1363 intellectus

243 1444 286 1488 ex
301 1443 371 1488 uno
391 1428 473 1489 noto
497 1421 648 1489 decurrit
666 1423 710 1491 ad
736 1422 832 1490 aliud
854 1421 1082 1505 noscendum,
1101 1420 1187 1489 item
1204 1440 1388 1506 argumen-

243 1546 342 1630 tatio,
364 1547 463 1633 quasi
481 1554 633 1614 mentem
651 1571 800 1635 arguens
819 1548 919 1614 actio.
938 1545 1092 1613 Subinde
1112 1543 1268 1631 sequitur
1286 1543 1388 1610 intel·

178 1669 221 1734 10
242 1670 365 1754 lectus,
386 1671 445 1756 qui
464 1693 504 1737 ea
524 1694 611 1757 quae
631 1672 721 1738 ratio
745 1671 966 1739 discurrendo
986 1678 1020 1737 et
1043 1668 1316 1757 argumentando
1335 1677 1385 1756 et,

243 1801 283 1860 ut
297 1795 437 1882 proprie
456 1795 582 1881 dicam,
600 1797 839 1864 ratiocinando
851 1803 886 1863 et
904 1794 1114 1862 decurrendo
1127 1794 1292 1883 concipit,
1312 1794 1386 1882 ipse

242 1920 393 2007 simplici
412 1921 560 2007 quodam
573 1922 703 1989 intuitu
717 1922 842 2009 recipit
855 1929 891 1989 et
909 1922 1029 2006 habet,
1048 1920 1139 1987 sicut
1157 1919 1195 1986 in
1211 1941 1314 1987 aureo
1333 1926 1386 1986 est

242 2044 395 2132 pretium
414 2047 603 2113 multorum
630 2069 865 2131 nummorum,
894 2051 1032 2113 moneta
1058 2045 1101 2112 in
1118 2044 1238 2113 multis
1257 2043 1385 2112 indivi-

242 2169 319 2237 duis
339 2171 491 2259 dispersa
514 2173 552 2239 in
577 2196 647 2240 uno
671 2174 907 2259 excellentius,
927 2171 1115 2261 preciosius
1138 2178 1174 2239 et
1195 2171 1383 2260 perfectius

179 2292 220 2355 15
244 2294 422 2382 implicata
433 2304 484 2364 est
492 2321 552 2364 seu
561 2304 777 2383 contenta3et
787 2299 915 2365 dicitur
927 2296 1125 2381 intellecti0,
1135 2296 1233 2383 quasi
1245 2295 1383 2365 interna

242 2420 353 2505 lectio,
374 2429 477 2509 atque
497 2423 526 2489 si
546 2424 722 2511 speculum
740 2423 860 2490 vivum
880 2422 1052 2509 quoddam
1073 2421 1132 2506 sit,
1153 2429 1229 2489 turn
1247 2421 1382 2506 videns,

241 2552 318 2611 tum
337 2546 373 2612 in
392 2570 427 2613 se
446 2547 521 2635 ipso
539 2548 671 2616 habens
689 2548 855 2633 visibilia,
877 2548 1001 2635 quibus
1022 2546 1205 2635 obyiicitur
1223 2547 1278 2615 vel
1297 2569 1385 2632 quae
1409 2545 1481 2612 23
1495 2548 1558 2612 M

243 2669 296 2735 illi
322 2671 547 2757 obiiciantur,
573 2672 686 2740 ethic
709 2680 761 2740 est
789 2673 868 2738 finis
891 2671 1079 2759 ratiocinii,
1104 2671 1194 2739 sicut
1216 2670 1385 2759 possessio

242 2801 294 2860 est
312 2796 392 2863 finis
411 2797 648 2884 inquisitionis
672 2805 707 2864 et
732 2798 954 2865 inventionis.
982 2796 1146 2884 Sequitur
1169 2818 1265 2863 mens
1289 2819 1386 2884 supe·

175 2917 219 2981 ‘20
242 2919 312 2985 rior
334 2920 513 2990 intellectu
541 2930 576 2989 et
600 2923 693 2991 omni
717 2923 927 3010 cognitione,
954 2945 1041 3009 quae
1069 2922 1219 3009 simplici
1253 2921 1384 2989 intuitu

242 3046 372 3130 absque
391 3048 461 3114 ullo
478 3048 634 3115 discursu
647 3048 872 3136 praecedente
890 3049 946 3116 vel
959 3047 1211 3114 concomitante
1223 3048 1278 3114 vel
1299 3048 1304 3138 Ι
1326 3070 1388 3114 nu·
1411 3050 1521 3115 439
1538 3051 1581 3118 G

241 3174 407 3237 merovei
426 3173 650 3240 distractione
673 3175 789 3241 omnia
813 3173 1073 3261 comprehendit
1092 3179 1127 3238 et
1145 3172 1385 3259 proportione·

243 3302 301 3360 tur
320 3298 458 3383 speculo
475 3306 550 3364 turn
569 3300 649 3366 vivo
662 3308 737 3366 turn
755 3299 871 3387 plenu,
885 3298 977 3385 quod
996 3298 1087 3363 idem
1107 3304 1158 3363 est
1177 3298 1252 3383 lux,
1268 3321 1385 3386 specu-

241 3420 313 3485 lum
331 3434 366 3486 et
385 3445 502 3490 omnes
521 3426 665 3510 figurae,
686 3447 771 3510 quas
790 3426 863 3491 sine
883 3423 1106 3490 distractione
1125 3422 1243 3489 videat
1257 3430 1292 3490 et
1311 3424 1386 3490 sine

176 3557 218 3621 ‘25
242 3551 425 3638 temporali
444 3575 503 3618 scu
522 3552 790 3619 vicissitudinali
810 3551 1037 3633 successione,
1058 3550 1147 3616 sicut
1166 3551 1196 3616 si
1215 3558 1320 3638 caput
1338 3556 1387 3617 to·

241 3680 297 3740 tus
316 3682 404 3741 esset
425 3677 556 3762 oculus,
577 3684 611 3743 et
634 3678 787 3764 undique
804 3678 899 3744 visus
926 3699 996 3744 uno
1026 3684 1106 3742 actu
1125 3674 1258 3742 videret
1287 3698 1384 3762 supe

241 3801 345 3885 riora,
365 3801 544 3886 inferiora,
563 3803 738 3869 anteriora
757 3811 791 3869 et
810 3804 1014 3891 posteriora,
1035 3809 1082 3886 ct,
1101 3825 1178 3868 cum
1193 3801 1239 3867 sit
1257 3801 1384 3867 indivi-

242 3924 362 4012 duum,
383 3927 547 3993 interiora
558 3935 592 3993 et
602 3927 780 3994 exteriora.
801 3927 899 3993 Sicut
917 3935 952 3993 et
972 3951 1067 3993 mens
1083 3926 1202 3993 divina
1219 3948 1288 3992 uno
1304 3933 1385 3993 actu

242 4051 497 4139 simplicissimo
516 4053 554 4117 in
578 4076 613 4118 se
636 4055 889 4140 contemplatur
909 4053 1024 4120 omnia
1043 4052 1145 4118 simul
1166 4053 1240 4119 sine
1256 4075 1386 4119 succes-

177 4176 220 4238 30
244 4177 352 4260 sione,
372 4177 409 4242 id
428 4183 479 4242 est
498 4178 628 4263 absquo
643 4176 838 4245 differentia
857 4178 1051 4266 praeteriti,
1071 4178 1262 4265 praesentis
1281 4184 1315 4242 et
1334 4176 1386 4243 fu·

340 4446 369 4494 12
386 4461 474 4496 aureo
494 4445 528 4497 T:
548 4461 618 4497 auro
630 4444 688 4499 ΜΘ
752 4447 783 4497 16
798 4445 885 4499 lectio
899 4443 1132 4511 acapeculumG
1196 4443 1228 4495 18
1243 4441 1330 4496 hicT
