3420 5190
486 442 598 485 svnuu
618 442 838 487 rsnuiuonvu
859 443 1173 489 unrsnursrconvu.
1343 435 1399 490 105

253 618 358 681 quam
376 597 453 684 ipsa
475 597 530 663 lex
555 597 807 685 intelligentiae
831 601 1013 666 observata
1035 600 1072 665 in
1096 601 1208 667 robus.
1227 602 1323 668 Haeo
1341 627 1397 671 ve·

253 723 338 787 ritas
358 722 395 787 in
411 723 479 788 illis
504 746 591 809 qnae
608 724 807 790 discurrunt
833 733 885 791 est
903 726 1092 812 complexa3
1114 734 1193 813 post
1212 750 1265 792 res
1281 727 1318 792 in
1338 753 1394 814 ge-

253 871 334 913 nere
362 848 597 915 intentionum
624 850 861 932 rationalium3
886 850 923 916 in
951 852 1052 916 rebus
1080 874 1161 917 vero
1185 875 1256 918 non
1283 853 1396 920 solum

253 980 304 1040 est
322 973 479 1062 physica,
500 974 559 1039 sed
578 982 630 1040 est
649 976 724 1062 ipsa
743 975 863 1062 physis
883 983 917 1041 et
936 984 1061 1041 natura
1080 978 1164 1063 ipsa.

718 1229 933 1293 Paruomivn.

341 1471 581 1556 Intelligentia
598 1470 786 1536 secundum
804 1469 975 1535 ratione-m
991 1471 1154 1559 principii
1169 1479 1221 1537 est
1237 1480 1318 1538 ante
1333 1496 1395 1556 res,

254 1619 377 1684 nempe
401 1596 581 1663 efficientis
603 1597 721 1684 primi,
747 1596 860 1663 estin
887 1597 989 1662 rebus
1013 1597 1201 1664 secundum
1225 1599 1396 1667 rationem

253 1720 433 1787 efficientis
461 1721 622 1808 proximi,
653 1728 705 1787 est
732 1730 811 1809 post
834 1745 900 1805 ree,
925 1723 963 1787 in
991 1722 1116 1806 quibus
1144 1747 1186 1788 ex
1209 1723 1396 1813 'principiis

255 1847 332 1914 istis
351 1849 481 1915 innatis
500 1849 591 1914 inest
610 1849 758 1915 facultas
778 1850 821 1915 ad
840 1849 985 1915 ulterius
1005 1851 1290 1937 cognoscendum.

755 2099 896 2166 Cnvsss.
1423 2104 1531 2167 498
1547 2103 1588 2170 G
1621 2172 1627 2183 ,

343 2342 465 2426 ltaque
484 2349 536 2407 est
559 2366 679 2408 caussa
701 2350 864 2429 tumque
888 2365 941 2408 res
965 2349 1060 2426 sunt,
1080 2351 1155 2408 tum
1179 2366 1247 2429 qua
1271 2366 1324 2408 res
1344 2366 1397 2409 oo·

254 2475 484 2551 gnoscuntur,
502 2469 591 2533 sicut
606 2469 666 2534 lux
689 2469 771 2535 solis
794 2476 846 2535 est
869 2491 990 2535 caussa
1012 2468 1106 2535 vitae
1129 2490 1244 2534 rerum
1264 2474 1298 2533 et
1323 2491 1395 2534 sen·

255 2615 325 2676 sus,
346 2614 414 2677 quo
434 2592 504 2659 sint
523 2602 558 2658 ot
575 2593 768 2660 videantur.

712 2868 934 2935 Eumaeum.

190 3111 231 3175 15
343 3112 544 3178 Intellectus
575 3119 640 3197 est,
672 3112 732 3198 qui
763 3112 933 3178 elementa
963 3113 1148 3197 contraria,
1180 3113 1394 3199 disgregata,

254 3247 426 3323 separata,
443 3239 645 3304 deordinata
661 3238 849 3325 distinguit
864 3246 898 3303 et
914 3238 1063 3323 ordinat,
1085 3245 1119 3304 et
1136 3261 1177 3303 ex
1194 3239 1395 3305 confusione

254 3363 376 3428 seriem
392 3371 426 3429 et
449 3386 564 3430 rerum
588 3364 868 3431 distributionem
891 3364 1042 3429 molitur.
1063 3364 1217 3429 Subinde
1241 3363 1394 3429 intellec-

254 3499 311 3556 tus
330 3490 509 3555 rationalis
523 3514 564 3556 ex
575 3489 800 3578 incomplexis
817 3489 1022 3577 quibusdam
1039 3489 1307 3573 intentionibus
1321 3498 1396 3554 tan·

255 3639 359 3702 qutun
376 3616 571 3700 elementis,
603 3615 862 3681 enunciationes
882 3637 979 3681 veras
996 3614 1166 3680 construit
1195 3621 1299 3701 atque
1329 3614 1397 3679 dis·

188 3748 232 3809 ‘20
256 3766 384 3808 cursus.

743 3987 913 4050 Maneant.

345 4233 525 4297 Materiam
555 4254 705 4318 quoque,
735 4253 822 4316 quae
850 4238 931 4297 ante
956 4229 1099 4317 vulgata
1127 4230 1296 4295 elementa
1319 4228 1398 4294 sub·

258 4358 440 4440 sternitur,
462 4380 567 4423 unam
585 4365 619 4422 et
638 4356 855 4422 individuam
874 4355 1063 4421 secuudum
1079 4356 1276 4439 essentiam,
1297 4355 1398 4420 innu-

257 4484 480 4550 merabilibus
509 4482 629 4548 formis
660 4489 764 4567 atquo
795 4476 1086 4548 similitudinibus
1118 4481 1327 4567 configurat,
1358 4486 1398 4545 nt

390 4604 466 4644 onesi
483 4603 537 4653 Opp.
552 4603 593 4642 tae.
609 4601 630 4649 1,
648 4601 670 4644 4.
1212 4599 1237 4642 14
