3420 5190
474 436 586 479 SVMMA
608 434 828 482 Tirnumonvn
851 435 1163 481 narneursmonvu.
1331 418 1388 477 109

572 684 739 768 Rumam,
760 703 857 748 norro
881 703 923 747 nr
944 703 1069 747 Passio.

342 917 438 981 Haec
467 922 519 980 est
548 915 671 980 relatio
690 921 724 979 et
743 921 918 1000 respectus
947 914 1124 1000 physicus,
1154 936 1222 1000 qua
1251 913 1391 979 realiter

254 1040 523 1126 unumquodque
547 1040 761 1105 convertitur
785 1039 828 1104 ad
852 1039 918 1104 sibi
943 1038 1135 1122 consimile,
1159 1039 1301 1125 respicit
1325 1038 1391 1104 sibi
1418 1039 1515 1102 501
1531 1036 1573 1104 G
1632 1082 1636 1087 -

254 1165 466 1252 oppositum,
497 1171 645 1252 cognata
678 1163 831 1229 vicissim
861 1171 1067 1246 commeant,
1098 1162 1277 1249 generatio
1297 1169 1393 1228 actus

210 1293 230 1355 5
253 1290 361 1377 prolis
380 1297 414 1354 et
432 1290 604 1377 parentiS,
623 1288 830 1376 gubernatio
854 1294 951 1354 actus
970 1287 1167 1376 praesidum
1191 1293 1225 1353 et
1244 1287 1396 1353 subdito

254 1439 348 1500 rum,
368 1424 403 1481 et
422 1415 533 1482 omnis
553 1414 635 1480 ordo
665 1415 835 1480 rationem
863 1414 1077 1502 superiorum
1108 1420 1142 1478 et
1172 1414 1396 1498 inferiorum,

255 1540 452 1625 aequalium
462 1549 497 1606 et
507 1540 757 1626 coaequalium,
769 1540 935 1605 similium
950 1547 985 1603 et
1000 1539 1232 1604 consimilium
1247 1539 1395 1604 asciscit.

254 1666 340 1732 Inde
368 1667 529 1754 provenit
557 1666 647 1731 actio
681 1688 722 1730 ex
750 1688 820 1730 una
846 1671 959 1751 parte,
989 1687 1030 1729 ex
1059 1665 1126 1730 alia
1158 1687 1239 1729 vero
1267 1665 1394 1752 passi0,

254 1791 535 1879 quandoquidem
559 1790 624 1856 hoc
643 1791 740 1875 orde,
771 1791 950 1875 laxatque
980 1789 1112 1854 sanctio
1142 1789 1339 1855 intellectus
1358 1790 1395 1855 in

190 1917 232 1980 10
253 1917 414 1983 omnibus
438 1916 667 1982 existentibus
690 1915 832 1998 indixit,
852 1922 890 1979 ut
910 1915 1025 1980 omnia
1047 1915 1224 2002 propriam
1248 1915 1396 2002 speciem

253 2064 446 2128 propagare
465 2048 500 2106 et
519 2041 751 2127 multiplicare
771 2046 908 2125 queant.
928 2040 1021 2104 Hinc
1040 2039 1108 2104 alia
1127 2040 1164 2105 in
1183 2040 1252 2105 alia
1271 2050 1395 2127 agunt,

253 2166 340 2231 utin
353 2190 388 2231 se
404 2166 480 2254 ipsa
495 2166 550 2231 vel
567 2166 604 2231 in
621 2189 718 2231 suam
735 2165 997 2230 similitudinem
1014 2164 1131 2230 eadem
1148 2172 1394 2248 transmutent,

253 2291 437 2377 patiuntur
456 2316 473 2356 e
491 2298 611 2356 contra
629 2291 776 2376 reliqua,
802 2313 889 2376 quae
909 2314 928 2354 a
948 2313 1009 2355 sua
1026 2298 1060 2354 et
1075 2291 1215 2378 propria
1232 2291 1393 2357 similitu·

254 2417 333 2481 dine
354 2424 458 2502 atque
482 2417 611 2482 formae
633 2417 636 2505 l
658 2416 881 2482 consistentia
898 2421 1015 2503 (quam
1032 2416 1238 2481 naturaliter
1257 2439 1391 2482 conser—
1418 2417 1583 2482 108M

190 2544 231 2608 15
255 2564 337 2606 vare
356 2548 391 2606 et
409 2564 602 2629 propagare
622 2542 881 2629 concupiscunt)
901 2541 1044 2607 deficere
1065 2549 1244 2628 coguntur.

647 2776 747 2841 Dana
770 2798 811 2842 nr
834 2796 1004 2840 aserenan.

343 3002 440 3066 Sicut
457 3001 539 3067 ordo
556 3009 607 3067 est
624 3003 660 3067 in
676 3003 779 3068 rebus
795 3003 1010 3090 superiorum
1027 3008 1060 3067 et
1076 3000 1293 3086 inferiorum,
1312 3023 1392 3086 quo·

254 3147 330 3190 rum
350 3126 411 3191 illa
429 3127 583 3192 influunt
601 3135 636 3193 et
655 3128 924 3210 communicant,
944 3128 1011 3193 ista
1030 3150 1111 3194 vero
1128 3127 1340 3214 participant
1359 3135 1393 3192 et

255 3249 443 3335 imbibunt,
469 3275 614 3339 cumque
639 3275 756 3318 versus
780 3275 964 3340 supernam
987 3253 1164 3339 regionem
1192 3252 1394 3317 intendatur

187 3376 231 3438 20
254 3376 314 3441 lux
330 3377 583 3462 intelligentiae
600 3386 634 3444 et
650 3378 855 3444 universalis
872 3379 1090 3465 cognitionis,
1104 3378 1277 3444 emanatio
1294 3378 1395 3443 istius

255 3510 306 3566 est
325 3524 444 3568 versus
463 3510 580 3590 partes
600 3504 779 3569 inferiores
798 3503 968 3587 defluens;
984 3504 1074 3570 undo
1093 3504 1146 3569 ris
1167 3502 1394 3591 cognoscendi

253 3627 400 3713 elargita
421 3638 473 3694 est
492 3630 555 3694 sub
575 3630 679 3694 titulo
698 3629 875 3716 potentiae
895 3629 1027 3695 activae
1039 3639 1073 3694 et
1087 3629 1396 3695 communicativae

255 3777 275 3817 a
299 3754 427 3820 caussis
453 3755 687 3841 superioribus
711 3761 809 3820 tanto
833 3754 1017 3839 efficacius,
1040 3765 1168 3840 quanto
1193 3755 1298 3820 ctiam
1318 3754 1397 3819 sim·

253 3879 379 3965 plicius
405 3881 583 3967 accipitur.
605 3880 767 3945 Subiecta
790 3902 871 3945 vero
887 3879 1064 3963 inferiora,
1087 3888 1216 3965 quanto
1240 3879 1351 3965 magis
1376 3902 1396 3943 a

188 4005 231 4068 aa
255 4006 490 4093 superioribus
514 4016 659 4073 naturae
678 4006 844 4093 gradibus
867 4006 1046 4088 recedunt,
1067 4014 1165 4070 tanto
1190 4005 1395 4087 turbatiore,

255 4132 448 4197 cont'usioro
462 4140 496 4196 et
507 4132 759 4219 imperfectiora
770 4130 902 4197 ratione
914 4137 1139 4218 cognoscunt,
1159 4137 1249 4195 utet
1269 4153 1289 4194 a
1308 4129 1396 4194 lucis

254 4258 394 4341 regione
414 4257 553 4343 longius
569 4257 744 4322 recedunt.

346 4426 812 4493 «loppositumG:oppositamM
857 4420 1079 4478 ‘tadscisena
1143 4428 1242 4477 necao
1255 4428 1397 4494 accipitur

254 4507 351 4559 alueis
366 4510 401 4558 u:
418 4509 546 4577 accipere
559 4525 572 4557 c
586 4507 662 4559 ludis
675 4507 708 4558 M
