3420 5190
565 444 746 490 FIGVRATIO
769 444 900 489 PllYSICI
922 446 1072 490 AVDI'I'VS.
1331 433 1387 491 167

244 605 513 665 consentaneum
542 600 654 686 magis
692 599 798 666 fuerit
831 601 974 666 allatum
1011 608 1149 689 oportet
1183 603 1388 669 examinare.

243 725 315 813 Ipsi
331 724 496 792 nimirum
513 725 551 790 in
569 749 609 791 eo
629 725 768 812 quidem
787 726 1011 810 conveniunt,
1031 726 1143 814 primo
1164 728 1255 813 quod
1274 729 1388 815 ipsum

242 850 455 938 principium
483 852 656 938 quoddam
683 860 820 939 ponunt
851 874 969 918 eorum
1000 874 1087 937 quaa
1116 859 1210 936 sunt;
1240 854 1388 920 secundo

244 976 335 1062 quod
366 977 561 1063 ingenitum
589 976 674 1062 quid
710 977 756 1042 sit
786 983 890 1063 atque
920 977 1183 1064 incorruptibile
1212 980 1325 1064 quale,
1347 980 1389 1062 (si

199 1104 220 1168 5
243 1102 455 1190 principium
472 1102 530 1186 sit)
543 1109 680 1190 oportet
692 1125 777 1186 essc3
795 1103 898 1168 tertio
920 1106 924 1189 1
945 1103 1038 1189 quod
1056 1103 1209 1169 dicentes
1228 1110 1325 1169 extra
1342 1103 1390 1169 in·
1416 1106 1495 1168 19¹

243 1226 383 1293 finitum
407 1227 512 1292 aliam
532 1250 685 1311 causam,
705 1233 826 1315 utpote
845 1227 1061 1294 intellectum
1078 1228 1133 1294 vel
1156 1228 1388 1313 concordiam,

244 1352 358 1439 ipsum
386 1353 486 1418 aiunt
514 1351 691 1418 continere
721 1360 825 1439 atque
852 1354 1047 1439 gubernare
1070 1353 1245 1435 universa3
1265 1360 1389 1438 quarto

245 1478 326 1562 quia
346 1483 398 1562 (ut
421 1477 681 1544 Anaximander
699 1478 909 1565 plurimique
932 1478 992 1545 alii
1021 1478 1208 1564 (fixerunt),
1229 1501 1307 1544 cum
1327 1479 1390 1544 im·

248 1604 393 1669 mortale
409 1603 455 1669 sit
469 1610 573 1689 atque
589 1603 866 1692 incorruptibile,
885 1611 925 1669 ut
939 1603 1099 1670 divinum
1118 1604 1290 1690 quoddam
1307 1627 1391 1669 sem·

181 1730 225 1793 10
246 1752 308 1816 per
327 1728 477 1794 effertur.
497 1728 605 1795 Porro
619 1728 656 1794 in
673 1751 712 1796 eo
731 1729 911 1813 differunt,
931 1728 1023 1814 quod
1039 1728 1109 1813 alii,
1126 1729 1244 1814 quales
1263 1729 1392 1816 Pytha·

244 1854 355 1940 gorici
378 1853 520 1921 fuerunt
544 1860 647 1940 atque
666 1855 775 1938 Plato,
801 1854 914 1942 ipsum
927 1854 1048 1944 ‚veluti
1075 1853 1306 1920 substantiam
1328 1877 1390 1941 per

247 2003 319 2045 sese
338 1979 543 2045 existentem
561 1979 759 2063 intrudunt;
777 1980 837 2045 alii
853 2001 943 2064 vere,
962 1980 1078 2064 quales
1094 1980 1189 2045 fuere
1209 1979 1390 2067 Anaxago-

249 2128 304 2172 ras
320 2112 424 2191 atque
440 2103 672 2190 Democritus,
696 2106 793 2173 velut
816 2106 974 2172 accidens
993 2105 1165 2192 quoddam
1190 2128 1389 2193 concepere,

248 2233 330 2298 dum
355 2230 434 2297 inde
459 2230 598 2316 quidem
622 2231 848 2319 Pythagorici
867 2232 904 2297 in
923 2232 1007 2319 ipsis
1031 2231 1200 2297 duntaxat
1219 2231 1391 2298 sensibili-

181 2360 223 2425 15
247 2357 311 2424 bus
330 2362 499 2445 ponerent
512 2356 702 2441 infinitum,
719 2358 819 2423 Plato
838 2380 919 2423 vero
939 2380 1009 2423 non
1029 2357 1066 2422 in
1086 2356 1308 2422 sensibilibus
1325 2358 1392 2422 col-

246 2482 375 2549 locaret
390 2481 504 2565 modo,
522 2481 579 2548 sed
595 2487 629 2547 et
645 2481 683 2547 in
702 2481 796 2548 ideis.
812 2481 1028 2569 Pythagoras
1044 2482 1128 2547 item
1145 2482 1183 2547 in
1194 2481 1279 2569 ipsis
1294 2487 1392 2547 extra

247 2609 381 2675 caelum
400 2615 435 2673 et
462 2606 670 2673 eiuscemodi
688 2607 845 2694 margine
872 2606 1278 2695 incomprehensibilibus
1296 2630 1391 2694 prae·

246 2733 390 2818 dicavit,
410 2734 511 2798 Plato
531 2755 612 2799 vero
632 2739 730 2798 extra
749 2733 880 2799 caelum
904 2734 1040 2798 nullum
1058 2756 1131 2799 esse
1150 2755 1273 2820 corpus
1293 2733 1393 2799 intel-

245 2859 340 2925 lexit.
364 2859 581 2945 Pythagoras
606 2881 741 2944 quoque
770 2881 877 2924 unum
909 2881 1089 2924 numerum
1119 2881 1237 2946 parem
1258 2859 1318 2943 qui
1347 2859 1391 2924 ab

179 2986 224 3049 ‘20
246 2986 379 3079 impari
402 2983 713 3071 comprehendatur
735 2991 839 3070 atque
871 2984 1014 3049 finiatur
1045 2984 1171 3050 astruit
1200 2984 1392 3070 infinitum,

247 3112 346 3177 Plato
366 3118 481 3176 antem
501 3110 582 3194 duc,
608 3133 773 3196 magnum
792 3110 923 3176 scilicet
939 3117 1044 3197 atque
1060 3134 1220 3199 parvum,
1242 3113 1392 3179 celebrat

248 3237 394 3303 infinita.
414 3237 507 3302 Hinc
526 3258 606 3302 vero
617 3236 844 3322 Anaxagoras
856 3259 899 3301 ex
917 3236 1064 3302 infinitis
1084 3237 1257 3303 similibus
1278 3239 1391 3325 ipsum

247 3363 375 3428 iaceret
395 3369 551 3428 constare
571 3363 785 3448 corporibus,
806 3362 1023 3428 Democritus
1042 3369 1158 3428 autem
1183 3386 1224 3427 ex
1244 3362 1392 3428 infinitis

247 3487 436 3553 secundum
455 3487 601 3573 figuram
625 3486 879 3569 differentibus3
899 3486 1125 3573 Anaxagoras
1144 3487 1228 3552 item
1248 3511 1289 3551 ex
1309 3509 1392 3573 quo-

180 3609 223 3672 25
246 3611 332 3677 libct
351 3611 426 3678 fieri
444 3611 554 3695 dicat,
580 3611 797 3678 Democritus
821 3619 938 3678 autem
957 3611 993 3677 id
1012 3618 1125 3698 neget.

756 3982 829 4026 aar.
854 3983 888 4026 n.
1423 3971 1503 4034 19v

267 4128 372 4178 Quilnque
387 4127 487 4169 tattoner
501 4128 582 4178 qulbus
596 4137 657 4178 esso,
674 4130 697 4167 at
711 4126 769 4166 «litae
783 4125 864 4175 quibu·
879 4137 923 4167 non
939 4126 1005 4166 facilc
1020 4126 1137 4167 dessnlbllc
1152 4127 1241 4167 caletur
1256 4126 1379 4166 indultum.

338 4361 393 4426 Ex
427 4359 579 4445 quinque
615 4357 786 4446 capitibus
820 4358 934 4444 inquit
966 4358 1143 4424 infinitum
1177 4359 1392 4446 persuaderi:

252 4491 280 4555 1.
301 4510 343 4554 ex
373 4494 526 4575 tempore
555 4484 646 4573 quod
677 4506 739 4550 uec
768 4483 979 4571 principium
1007 4483 1112 4549 habet
1142 4507 1253 4572 neque
1274 4485 1391 4571 finem,
