3420 5190
471 456 583 506 svunn
603 454 822 506 raanrnoavn
842 450 1155 505 narnrnrsrooavu.
1348 432 1385 501 75

691 764 755 830 ΙΠ.
779 763 941 830 Bomrns.

336 1006 443 1074 Cuius
461 1007 618 1073 bonitate
636 1006 752 1073 omnia
774 1013 856 1074 sunt
879 1007 983 1093 bone,
1004 1007 1094 1073 siout
1117 1008 1214 1074 ouius
1238 1007 1386 1075 veritate

248 1132 364 1199 omnia
382 1156 476 1216 vera,
496 1140 536 1199 ut
554 1132 710 1220 proxime
728 1132 873 1219 dietum,
894 1133 1036 1199 mutatis
1059 1133 1301 1200 tantummodo
1320 1133 1389 1199 dio·

248 1259 413 1326 tionibus.
433 1259 491 1325 Sic
509 1260 602 1325 enim
621 1265 656 1325 et
674 1259 790 1326 omnia
808 1268 944 1347 praeter
968 1260 1081 1348 ipsum
1104 1259 1290 1348 partieipia
1309 1267 1391 1326 sunt

204 1383 226 1447 5
248 1384 345 1470 mali,
367 1384 446 1470 quia
466 1383 730 1471 distinguuntur
748 1383 786 1450 in
805 1384 841 1450 id
864 1385 955 1471 quod
974 1392 1026 1451 est
1050 1385 1179 1452 bonum
1203 1392 1238 1450 et
1261 1385 1297 1450 id
1323 1407 1391 1470 quo

249 1515 301 1575 est
331 1510 474 1594 bonum,
495 1510 556 1576 ubi
583 1509 670 1577 illud
697 1509 789 1596 quod
816 1510 1009 1577 subiectum
1037 1510 1204 1577 bonitatis
1230 1533 1290 1578 seu
1318 1533 1392 1577 esse

248 1633 331 1699 boni
353 1644 492 1702 nonest
509 1635 648 1702 bonitas
667 1659 778 1721 neque
797 1636 936 1702 bonum.
953 1637 995 1701 In
1012 1637 1172 1703 omnibus
1187 1636 1280 1703 enim
1296 1660 1393 1725 prae·

247 1765 301 1826 ter
327 1760 477 1848 primurn
512 1768 564 1828 est
587 1761 765 1828 distinctio
789 1761 862 1828 eius
887 1762 979 1848 quod
1002 1769 1054 1828 est
1072 1769 1107 1827 et
1130 1762 1203 1828 eius
1227 1784 1294 1848 quo
1325 1770 1390 1847 est,

249 1908 309 1952 seu
327 1908 399 1952 esse
422 1893 457 1951 et
480 1887 657 1952 essentiae.
677 1886 775 1953 Bona
794 1893 909 1953 autem
932 1893 1007 1954 tum
1031 1887 1248 1971 naturaliter,
1270 1887 1390 1973 quiea

184 2008 227 2073 10
249 2010 406 2078 bonitate
425 2011 518 2078 illius
541 2013 694 2078 naturali
717 2013 833 2079 omnia
855 2011 986 2079 habent
1004 2013 1134 2078 bonum
1157 2034 1230 2077 esse
1251 2019 1392 2078 natura·

248 2138 294 2222 le;
318 2146 353 2205 et
380 2139 536 2207 bonitate
560 2139 653 2206 illius
677 2140 813 2225 morali,
842 2162 928 2226 quae
956 2147 1008 2205 est
1037 2139 1074 2204 in
1102 2138 1323 2204 institutione
1355 2147 1390 2205 et

249 2271 406 2352 respectu
425 2271 459 2330 et
478 2271 557 2330 actu
576 2264 620 2330 ad
650 2271 824 2331 creaturas
842 2265 1043 2349 rationales,
1064 2263 1180 2330 omnia
1199 2272 1281 2331 sunt
1296 2264 1388 2331 bona

249 2391 405 2458 bonitate
429 2391 560 2459 morali.
591 2393 638 2457 Et
658 2392 662 2480 l
682 2391 766 2457 haee
788 2398 841 2457 est
863 2391 1006 2478 duplex:
1029 2390 1138 2457 altera
1166 2391 1325 2457 consistit
1348 2391 1385 2457 in
1413 2390 1473 2454 ’71
1487 2390 1540 2452 Μ

249 2518 325 2604 lege
344 2518 450 2584 insita
469 2518 506 2584 in
530 2518 651 2584 ordine
669 2525 825 2601 naturae,
845 2518 883 2583 in
907 2541 976 2604 qua
994 2517 1150 2585 bonitate
1169 2539 1287 2584 omnes
1306 2541 1390 2605 gen·

183 2644 226 2708 15
249 2651 300 2711 tes
323 2624 468 2733 possunt
492 2645 699 2728 consentire;
726 2645 833 2711 altera
857 2668 944 2731 quae
960 2643 1119 2711 consistit
1141 2644 1179 2709 in
1198 2645 1318 2711 ordine
1336 2668 1390 2710 su·

249 2770 476 2858 pernaturali‚
505 2770 692 2836 secundum
716 2793 820 2857 quam
842 2770 1034 2837 bonitatem
1063 2769 1204 2855 quidam
1231 2776 1386 2856 tantum,

250 2894 376 2980 quibus
394 2894 577 2981 revelavit,
598 2894 682 2961 boni
698 2902 789 2962 sunt.

672 3178 730 3244 IV.
755 3179 969 3245 Parnouuvn.

338 3419 554 3507 Principium
589 3418 700 3485 omnis
730 3418 909 3505 principii,
941 3417 1151 3505 principium
1176 3426 1257 3484 ante
1289 3442 1390 3485 omne

183 3555 228 3620 20
249 3546 474 3634 principium,
493 3569 513 3612 a
532 3569 600 3633 quo
613 3552 647 3611 et
665 3553 744 3632 post
763 3544 854 3630 quod
873 3544 984 3609 omnis
1000 3543 1102 3628 rotie,
1122 3544 1175 3611 vis
1194 3551 1230 3610 et
1248 3544 1390 3611 effectus

250 3671 485 3759 principiandi
503 3670 674 3737 demanat.

717 3929 757 3994 V.
782 3927 923 3994 Osvssn.
1415 3921 1523 3985 475
1541 3917 1583 3986 G

341 4155 469 4221 Caussa
489 4152 643 4220 omnium
662 4174 860 4219 caussarum
878 4151 1041 4233 efficiens,
1060 4173 1122 4237 por
1141 4173 1244 4237 quum
1263 4157 1297 4216 et
1316 4174 1392 4238 pro-

252 4288 331 4369 pter
350 4303 465 4366 quam,
486 4279 523 4345 in
543 4302 610 4365 qua
629 4285 664 4344 et
682 4279 746 4345 sub
767 4277 967 4364 quaomnia
986 4284 1155 4343 caussant.

347 4522 375 4571 ll
394 4526 423 4571 et
435 4519 477 4570 M:
494 4526 574 4583 <tum
589 4519 767 4583 mortalitem>
782 4519 850 4585 quia
865 4517 889 4568 G
951 4520 983 4569 23
999 4533 1149 4570 causarum
1163 4517 1195 4571 Μ
