3420 5190
479 424 591 469 svirxx
612 423 833 472 annumcnvu
855 423 1166 470 nnrlrnrsrccnvn.
1353 407 1392 468 35

256 602 390 663 ramur3
421 579 564 666 politica
597 603 656 646 seu
688 580 814 666 civilis,
837 583 841 666 l
862 602 929 666 qua
953 577 1200 667 rempublicam
1228 600 1390 664 magnam
1416 578 1515 641 441
1531 573 1572 640 G

256 705 328 772 sive
357 727 500 794 parvam
525 704 801 770 administrando
831 706 986 791 regulata
1013 710 1049 770 et
1076 704 1240 769 canonice
1269 703 1323 769 vel
1348 725 1398 769 re·

255 830 416 917 gulamur
436 829 493 896 vel
522 830 679 916 regulare
708 830 869 897 docemus
892 830 948 896 vel
966 837 1007 896 ut
1045 829 1091 895 sit
1126 829 1316 915 regulando
1346 850 1401 895 co-

254 954 462 1042 gnoscimus.
481 955 547 1020 His
566 954 742 1040 membris,
763 956 792 1021 si
811 954 920 1039 lubet,
940 953 1087 1020 addatur
1111 960 1286 1039 quartum,
1309 960 1396 1041 puta

210 1084 231 1149 5
255 1081 296 1146 de
315 1081 518 1168 regulativis
541 1089 616 1148 tum
639 1081 786 1148 actionis
812 1087 887 1148 tum
916 1081 1123 1165 voluntarie,
1143 1087 1183 1147 ut
1202 1087 1285 1146 sunt
1303 1081 1398 1167 leges

255 1212 290 1271 et
317 1207 433 1294 legum
461 1207 628 1293 segnitie,
653 1228 741 1294 quae
769 1212 821 1273 est
849 1207 1077 1294 quadruplex:
1101 1205 1285 1289 naturalis,
1310 1227 1399 1291 quae

255 1338 307 1398 est
329 1331 484 1398 omnium
507 1338 632 1398 natura
656 1332 942 1417 constitutorum,
961 1331 1017 1397 vel
1041 1332 1164 1398 saltem
1187 1330 1299 1397 omnis
1323 1330 1397 1396 ani·

258 1456 428 1524 mentium
446 1457 597 1543 generis,
625 1457 736 1544 qualis
760 1463 812 1523 est
835 1464 874 1522 ut
893 1480 928 1523 se
952 1479 1142 1545 corpusque
1161 1479 1262 1523 suum
1279 1462 1399 1522 tuean-

254 1589 327 1665 tur3
344 1581 516 1668 gentium,
534 1605 621 1668 quae
637 1590 688 1647 est
705 1582 896 1649 communis
920 1581 1079 1648 omnibus
1097 1581 1329 1664 hominibus,
1350 1579 1396 1646 ci·
1422 1579 1492 1646 26
1503 1581 1559 1644 M

192 1718 233 1783 10
255 1707 349 1792 vilis,
371 1713 528 1792 quaeest
548 1708 739 1774 communis
757 1707 824 1773 toti
842 1708 905 1773 uni
923 1707 1068 1794 imperio
1091 1707 1148 1772 vel
1170 1706 1399 1794 reipublicae;

255 1831 388 1918 divina,
410 1855 497 1919 quae
516 1833 706 1900 communis
725 1839 777 1898 est
796 1832 866 1899 illis
885 1833 1011 1919 quibus
1031 1838 1082 1898 est
1100 1832 1261 1900 revelata.

680 2087 758 2154 XV.
783 2087 977 2155 Vonvurxs.

349 2329 519 2395 Voluntas
531 2327 659 2416 duplex
671 2311 735 2413 est,
746 2330 915 2396 naturalis
926 2337 960 2395 et
973 2328 1153 2395 rationalis
1170 2329 1398 2395 communiter

258 2454 360 2520 dicta.
384 2453 555 2521 Voluntas
578 2453 749 2521 naturalis
772 2461 824 2520 est
843 2455 1008 2542 appulsus
1031 2455 1196 2541 cuiusque
1215 2455 1266 2520 rei
1285 2476 1400 2520 secun·

192 2581 234 2646 15
257 2578 339 2644 dum
352 2600 449 2644 suam
462 2585 637 2663 naturam,
658 2578 747 2644 sicut
757 2578 850 2666 ignis
871 2579 914 2645 ad
924 2602 1020 2646 suam
1032 2579 1222 2667 sphaeram,
1235 2601 1344 2665 aquae
1356 2578 1400 2644 ad

258 2724 423 2768 oceanum
434 2725 550 2786 suum,
568 2709 603 2768 et
617 2702 823 2768 omniumad
839 2727 937 2770 suam
954 2703 1135 2792 sphaeram
1149 2709 1183 2769 et
1194 2705 1307 2770 locum
1319 2725 1400 2768 suae

258 2828 539 2895 conservationis.
564 2827 621 2894 Sic
644 2828 733 2914 lapis
757 2827 885 2896 dicitur
908 2838 1069 2918 appetere
1088 2830 1261 2913 deorsum,
1280 2830 1401 2917 planta

257 2960 419 3041 appetere
443 2952 557 3019 solem.
581 2953 752 3020 Voluntas
770 2977 852 3020 vero
871 2955 1050 3023 rationalis
1073 2979 1133 3022 seu
1156 2955 1322 3022 sensitiva
1345 2953 1401 3020 vel

258 3078 472 3145 intellectiva
489 3085 541 3145 cst
564 3079 801 3166 quaepraevio
818 3080 933 3167 aliquo
953 3104 1066 3164 sensu,
1081 3081 1216 3147 ratione
1230 3080 1286 3147 vel
1302 3079 1402 3144 intel·

191 3205 236 3270 20
257 3205 350 3271 lectu
374 3204 612 3292 consequitur,
636 3206 727 3272 unde
749 3206 842 3273 valet
866 3206 954 3272 nihil
978 3206 1095 3295 appeti
1118 3205 1188 3272 nisi
1211 3204 1400 3291 cognitum.

257 3329 428 3396 Voluntas
451 3352 589 3396 rursum
612 3330 680 3396 alia
708 3331 878 3416 regulata,
903 3331 972 3397 alia
1000 3331 1198 3417 irregulata.
1228 3329 1401 3415 Regulata

258 3459 311 3520 est
343 3476 430 3541 quae
463 3456 599 3522 ratione
626 3455 682 3521 vel
710 3455 889 3522 intellectu
918 3454 1004 3522 duce
1038 3455 1182 3538 incedit,
1211 3454 1401 3540 irregulata

259 3601 347 3665 quae
365 3563 494 3666 furore,
511 3580 641 3668 impeto
654 3582 709 3648 vel
718 3581 943 3668 instigatione
952 3580 1174 3667 consequitur
1190 3587 1324 3666 agente.
1336 3579 1415 3644 Re·

258 3706 378 3791 gulata
394 3704 520 3794 duplex
533 3710 599 3791 est,
619 3706 824 3772 antecedens
839 3708 895 3773 vel
914 3729 1135 3793 consequens.
1154 3706 1325 3772 Voluntas
1345 3727 1403 3770 an·

191 3828 236 3894 25
259 3829 417 3897 tecedens
434 3837 494 3915 est,
514 3854 602 3918 quae
616 3831 781 3919 primarie
791 3839 825 3898 et
836 3855 898 3920 per
908 3855 943 3899 se
955 3831 1088 3919 aliquid
1098 3830 1249 3896 fiendum
1264 3830 1402 3912 definit3

259 3976 470 4041 consequens
485 3977 580 4040 vero,
600 3977 689 4041 quae
704 3978 746 4021 ex
758 3956 874 4042 aliquo
887 3956 979 4024 facto
992 3958 1048 4024 vel
1060 3979 1218 4023 successu
1228 3955 1403 4021 definitur.

258 4078 376 4145 Primo
399 4078 500 4146 modo
524 4081 684 4146 voluntas
714 4079 921 4167 legislatoris
945 4090 979 4148 et
1002 4081 1170 4170 principis
1194 4088 1246 4147 est
1269 4080 1403 4146 ordina·

259 4204 355 4273 tione
373 4211 408 4271 et
431 4205 660 4291 exequutione
684 4205 837 4272 iustitiae
861 4213 974 4274 totum
992 4208 1159 4296 populum
1185 4228 1403 4291 conservare,

356 4404 385 4454 17
411 4403 513 4468 Lepsia
536 4409 590 4469 (aaa
612 4406 687 4470 lapis
710 4405 1036 4472 uell’Erratis-Corripe)
1059 4407 1089 4456 l!
1182 4407 1213 4456 13
1234 4404 1400 4470 rationulis,

260 4482 350 4537 senG
411 4484 563 4548 sensitiva,
583 4484 727 4536 velMTG
791 4485 821 4535 19
837 4486 1070 4554 rationo,volG
