3420 5190
500 412 613 456 SVMMA
635 411 854 456 'l'ERMINORVM
874 407 1185 453 METAPHYSICORVM.
1395 395 1414 452 9

270 592 348 635 rum
365 567 539 655 significat
559 565 705 652 aliquid,
733 587 807 649 ens,
831 586 917 647 rem,
943 585 1052 628 unum
1072 563 1260 628 secundum
1291 585 1414 630 conve-

271 692 440 760 nientiam
456 692 501 758 ad
516 691 731 757 intellectum
748 689 999 778 concipientem
1019 693 1152 770 (verum
1169 687 1298 775 quippe
1316 688 1413 755 iuxta

269 820 447 908 propriam
475 817 671 883 istiusmodi
696 816 867 882 rationem
896 814 1074 898 delinitur,
1106 814 1203 879 cuius
1227 820 1413 901 conceptus

268 947 300 1011 ei
328 944 420 1031 quod
447 952 498 1010 est
524 950 621 1009 extra
651 949 855 1029 conceptum
879 941 1055 1027 quadrat),
1086 946 1183 1005 sexto
1210 939 1339 1005 bonurn
1363 939 1413 1004 di-

224 1066 244 1128 5
268 1071 359 1136 citur
382 1093 457 1155 ene,
486 1092 540 1134 res
565 1075 599 1133 et
628 1075 761 1133 caetera
790 1066 977 1132 secundum
1005 1065 1110 1131 talem
1134 1065 1412 1132 convenientiam

268 1219 386 1262 eorum
411 1196 455 1261 ad
478 1196 707 1277 voluntatem,
735 1192 847 1278 qualis
872 1197 923 1257 est
943 1214 1104 1259 verorum
1123 1191 1166 1256 ad
1185 1191 1410 1256 intellectum.

267 1322 403 1387 Bonum
421 1343 500 1386 vero
521 1320 618 1385 iuxta
635 1317 905 1385 communiorem
920 1315 1223 1401 significationem,
1244 1339 1312 1401 qua
1332 1339 1409 1381 cum

265 1453 344 1511 cnte
369 1446 584 1512 convortitur
608 1452 642 1510 ct
665 1443 808 1528 reliquis
832 1440 1056 1529 aequipollet,
1080 1448 1133 1506 est
1159 1447 1328 1527 quatenus
1352 1465 1411 1507 na-

264 1572 424 1637 turaliter
439 1570 628 1657 significat3
646 1568 742 1634 idem
753 1591 901 1654 namque
919 1575 971 1634 cst
987 1567 1117 1632 bonum
1133 1589 1268 1651 aurum,
1287 1591 1406 1633 verum

200 1700 243 1763 10
265 1720 402 1781 aurum,
420 1695 592 1782 quoddam
608 1717 744 1778 aurum,
762 1717 870 1759 unum
886 1716 1080 1781 purumque
1097 1715 1233 1777 aurum,
1250 1716 1303 1758 ros
1320 1716 1407 1778 quae

265 1844 403 1904 aurum,
421 1844 481 1886 ens
496 1843 627 1886 aurum.
644 1821 712 1885 Pro
727 1819 851 1905 quibus
868 1818 1048 1905 sigillatim
1062 1818 1407 1885 animadvertendum

266 1954 317 2012 est
333 1944 377 2011 ad
392 1970 467 2012 cam
491 1968 558 2031 qua
575 1967 771 2031 synonyma
787 1950 869 2010 sunt
888 1943 1177 2030 significationem
1195 1943 1257 2032 (et)
1272 1945 1316 2009 ad
1332 1967 1407 2010 eam

263 2094 331 2156 qua
362 2094 440 2136 cum
463 2078 542 2135 ente
567 2069 760 2136 diversifica
785 2068 979 2156 capiuntur.
1004 2069 1072 2133 Res
1096 2068 1189 2133 enim
1210 2092 1280 2135 non
1303 2069 1347 2134 ab
1366 2091 1405 2135 eo

262 2195 352 2282 quod
372 2202 423 2261 cst
442 2217 530 2261 reor
554 2193 811 2260 denominative
828 2194 885 2258 hro
906 2201 910 2280 Ι
931 2193 1071 2279 dicitur,
1090 2193 1150 2259 sed
1168 2193 1212 2258 ab
1227 2194 1292 2260 hoc
1311 2194 1403 2280 qnod
1429 2195 1530 2258 419
1544 2193 1585 2260 G

196 2328 237 2390 15
261 2321 368 2387 ratio
388 2328 441 2386 est
456 2343 515 2387 seu
534 2327 666 2386 ratum
685 2318 860 2404 quiddam.
871 2318 1015 2404 Aliquid
1031 2341 1102 2384 non
1116 2319 1252 2406 capitur
1264 2319 1404 2386 adiecti·

261 2469 314 2529 ve,
339 2453 510 2531 quatenus
538 2444 796 2511 accidentaliter
822 2443 1011 2531 significat,
1035 2467 1095 2509 seu
1122 2468 1184 2531 per
1212 2445 1401 2512 adiacentis

259 2570 414 2657 modum,
437 2574 441 2658 Ι
462 2569 553 2637 unde
575 2570 702 2656 aliquis
718 2576 770 2636 est
790 2570 853 2654 sol,
873 2570 989 2656 aliqua
1012 2576 1063 2635 est
1077 2571 1172 2656 luna,
1193 2571 1334 2658 aliquod
1349 2578 1402 2638 est
1426 2569 1585 2634 a5vM

258 2702 403 2779 astrum,
431 2695 489 2760 sed
513 2694 688 2781 significat
718 2694 948 2780 substantive,
974 2703 1078 2782 prout
1104 2696 1236 2781 aliquid
1261 2704 1312 2763 est
1335 2698 1400 2782 sol,

257 2820 389 2907 aliquid
410 2828 556 2903 astrum,
575 2820 707 2906 aliquid
728 2821 819 2885 luna.
839 2822 957 2888 Unum
983 2843 1053 2886 non
1077 2828 1247 2906 quatenus
1265 2822 1401 2888 numeri

191 2952 235 3015 20
258 2945 469 3034 principium
497 2946 881 3032 indivisibilitatcmque
911 2952 1040 3012 certam
1075 2947 1250 3033 significat
1292 2955 1326 3013 et
1350 2971 1400 3014 rc-

256 3069 394 3136 duotivc
409 3077 461 3138 est
480 3071 517 3136 in
536 3071 814 3158 praedicamento
834 3071 1054 3156 quantitatis,
1075 3072 1134 3137 sed
1149 3074 1192 3139 ab
1211 3073 1400 3140 individui-

256 3202 327 3260 tate
347 3219 414 3280 que
431 3197 569 3282 singula
591 3197 724 3263 entium
747 3203 829 3262 sunt
847 3197 911 3263 hcc
930 3196 1044 3284 ipsum
1061 3199 1153 3283 quod
1169 3206 1251 3264 sunt
1269 3200 1398 3267 incom-

255 3321 519 3388 municabiliter.
539 3322 668 3389 Verum
691 3345 762 3387 non
784 3346 804 3387 a
823 3323 935 3408 logica
961 3323 1228 3410 significatione,
1254 3325 1397 3411 quaein

254 3448 488 3534 complexione
513 3448 662 3533 quadarn
682 3449 864 3535 accipitur,
885 3449 1150 3516 affirmationem
1170 3451 1226 3517 vel
1244 3452 1398 3537 negatio-

187 3577 229 3637 ‘25
253 3595 331 3638 nom
342 3581 571 3660 consequente
587 3573 642 3639 vel
659 3575 927 3658 concomitante,
947 3574 1003 3640 vel
1020 3574 1124 3640 etiam
1141 3575 1308 3642 iudicium
1320 3584 1396 3642 tum

253 3721 371 3765 sensus
386 3705 461 3764 tum
473 3699 579 3765 trium
596 3698 791 3764 intellectus
804 3700 1043 3786 operationum
1060 3702 1319 3789 (conceptionis,
1340 3727 1395 3769 ve·

251 3822 453 3889 rificationis
479 3831 514 3889 et
534 3823 733 3910 discursus),
754 3825 813 3890 sed
836 3825 933 3891 iuxta
956 3826 1256 3893 transcendentem
1280 3829 1392 3913 illarii,

252 3972 319 4033 qua
339 3972 458 4015 verum
478 3949 606 4015 dicitur
618 3950 755 4035 vinum,
777 3974 844 4036 qua
863 3951 976 4038 ipsum
993 3960 1045 4018 est
1062 3960 1096 4018 et
1115 3976 1186 4020 non
1206 3955 1313 4039 aliud,
1332 3964 1393 4043 p'u·

250 4097 327 4139 rum
346 4082 379 4140 ct
398 4098 469 4142 non
487 4075 649 4160 mixtum,
669 4076 829 4142 similiter
847 4084 882 4141 et
902 4078 1132 4164 quodcunque
1159 4079 1255 4147 aliud
1274 4080 1310 4145 in
1330 4103 1391 4147 suo

183 4197 383 4280 accidiae,
408 4207 660 4286 generantque
686 4201 795 4267 mode.
821 4202 956 4267 Bonum
984 4226 1055 4268 non
1079 4204 1123 4269 ab
1147 4203 1272 4288 ethica,
1294 4205 1392 4271 seda

251 4365 332 4372 —.
342 4367 377 4372 ....
388 4350 1280 4379 -..-..---...-———————-—.-—2-—--.-.
1288 4374 1383 4382 .--..

340 4453 355 4501 9
372 4466 486 4518 nanque
499 4451 558 4502 MT
616 4455 646 4502 12
663 4460 692 4503 ot
708 4454 744 4505 G:
760 4470 808 4504 cnr.
824 4453 882 4504 ΜΤ

380 4564 456 4603 linum
470 4569 524 4613 opp.
540 4566 580 4603 tir.
593 4565 600 4602 Ι
608 4593 614 4614 ,
626 4565 648 4604 t.
