3420 5190
590 439 770 488 novennio
792 440 922 489 rnrsrcr
943 442 1093 490 avnrrvs.
1357 430 1412 493 171

276 594 398 681 quinto
422 596 503 682 quia
527 604 661 664 constat
689 599 875 684 unicuique
895 601 1031 687 corpori
1058 601 1209 667 naturali
1233 602 1347 669 locum
1366 602 1419 667 de·

274 723 349 789 beri
367 723 561 791 naturalem
585 733 689 811 etque
712 725 904 814 proprium,
930 727 1021 812 quod
1045 750 1087 791 ex
1110 727 1305 793 istiusmodi
1324 728 1432 815 fluia-t

273 855 332 916 tur
350 849 568 934 differentiis,
588 873 741 936 sursum,
758 851 930 936 deorsum,
950 858 1043 935 ante,
1061 858 1165 937 notre,
1186 853 1358 937 dextrum,
1376 854 1419 919 si·

272 974 441 1060 nistrum,
459 998 546 1062 quae
565 982 656 1042 certe
675 998 745 1041 non
765 977 876 1043 solum
890 977 1004 1062 nobis,
1025 978 1084 1043 sed
1100 987 1135 1043 et
1150 985 1294 1045 naturae
1308 979 1417 1045 totius

228 1095 249 1159 5
273 1109 354 1166 sunt
373 1101 631 1168 determinatae.

779 1434 853 1479 ΛΒΤ.
878 1436 910 1480 V.

421 1556 527 1597 Ostendtt
540 1557 651 1605 quomodo
665 1557 695 1597 ur
708 1560 732 1597 et
745 1557 857 1606 quomodo
871 1569 917 1598 non
932 1559 961 1598 su
976 1557 1107 1608 infinitum,
1123 1560 1177 1600 item
1193 1561 1260 1610 quale

341 1629 365 1668 tn
377 1630 561 1679 permanentibus
573 1635 596 1669 et
609 1630 753 1680 successivis,
766 1629 832 1680 quale
844 1631 966 1671 secundum
978 1631 1144 1682 appositionem
1159 1636 1182 1672 et
1196 1632 1339 1673 divisionem.

356 1864 405 1930 Ut
418 1864 602 1930 veritatem
618 1864 814 1932 istiusmodi
833 1864 1058 1952 problematis
1078 1865 1244 1951 insinuet,
1262 1866 1414 1952 quinque
1440 1872 1529 1935 ΒΨ

202 1999 245 2063 10
266 1989 427 2077 producit
450 1991 639 2056 sententias
668 1990 891 2075 Aristoteles,
921 2014 1067 2077 quarum
1094 1992 1207 2078 prima
1235 1998 1300 2058 est:
1333 2016 1411 2058 cum

266 2137 383 2181 eorum
403 2137 490 2201 quae
509 2123 591 2182 sunt
606 2116 773 2202 quaedam
791 2123 870 2183 actu
894 2116 976 2200 sint,
1003 2117 1172 2203 quaedam
1192 2140 1273 2184 vero
1288 2125 1410 2204 poten·

266 2239 331 2325 tia,
348 2241 524 2307 infinitum
537 2241 623 2326 (sive
634 2242 851 2329 appositione
868 2242 941 2308 sive
959 2243 1134 2309 ablatione
1153 2249 1321 2327 sumetur)
1341 2267 1411 2309 non

266 2374 346 2432 actu
369 2373 436 2448 est,
459 2368 518 2433 sed
546 2375 730 2456 potestate,
756 2391 825 2434 non
849 2376 965 2434 autem
992 2368 1042 2433 ita
1060 2375 1231 2456 potestate
1254 2375 1294 2434 ut
1316 2368 1411 2434 nullo

264 2498 366 2579 pacto
385 2499 477 2577 actu,
493 2516 555 2559 nec
575 2495 624 2560 ita
641 2500 721 2560 ectu
733 2500 772 2560 ut
788 2494 883 2560 nullo
899 2499 1001 2582 pacto
1018 2500 1205 2581 potestate;
1222 2501 1302 2560 actu
1318 2494 1411 2559 enim

200 2623 241 2687 15
265 2618 429 2703 quiddam
454 2628 505 2685 est
523 2620 584 2686 ubi
608 2619 765 2685 infinitae
783 2626 899 2707 partes
918 2641 1052 2706 semper
1075 2626 1156 2684 sunt
1175 2618 1408 2706 accipiendae,

264 2743 420 2829 potentia
439 2766 575 2830 quoque
594 2766 664 2810 non
683 2750 764 2810 actu
783 2744 947 2830 quiddam
966 2750 1018 2810 est
1036 2743 1097 2810 ubi
1117 2744 1273 2809 infinitae
1292 2750 1408 2831 partes

264 2891 453 2954 numquam
472 2875 573 2935 erunt
592 2876 761 2957 acceptae.
774 2870 829 2935 Ita
845 2869 955 2955 igitur
974 2876 1025 2935 est
1041 2869 1218 2935 infinitum
1233 2876 1273 2935 ut
1291 2879 1406 2936 actum

262 2994 424 3081 respiciat
452 2995 716 3082 incompletum,
742 3002 911 3079 quatenus
942 3017 1075 3082 semper
1097 3003 1176 3082 post
1206 2995 1336 3061 factum
1364 2995 1407 3061 ad

262 3119 395 3205 aliquid
417 3118 614 3185 faciendum
637 3118 855 3207 respiciatur,
877 3127 912 3185 et
934 3120 1043 3185 itaut
1068 3126 1183 3185 actum
1212 3142 1283 3185 non
1302 3121 1407 3208 respi-

195 3257 239 3323 20
263 3245 332 3312 ciat
351 3246 575 3332 completum,
596 3246 692 3311 cuius
716 3245 877 3311 videlicet
896 3245 991 3310 nulla
1015 3245 1060 3310 sit
1083 3245 1227 3310 ulterius
1251 3269 1331 3332 pars
1354 3268 1407 3311 ac-

262 3370 429 3459 cipienda.
449 3371 623 3436 Secunda:
644 3370 761 3436 differt
777 3370 954 3436 infinitum
967 3371 1004 3435 in
1024 3371 1226 3436 successivis
1246 3371 1307 3437 ubi
1323 3378 1407 3436 tem·

261 3520 342 3585 pore
361 3497 457 3586 prius
482 3504 661 3585 acceptum
686 3519 763 3563 cum
783 3503 903 3583 postea
927 3504 1066 3584 accepto
1090 3518 1160 3562 non
1183 3496 1342 3581 habetur,
1362 3497 1405 3562 ab

261 3622 397 3689 infinito
414 3623 451 3688 iu
469 3623 754 3711 permanentibus
774 3622 835 3688 ubi
849 3621 1102 3707 magnitudinis
1121 3620 1290 3687 divisione
1308 3621 1405 3708 prius

259 3758 438 3837 acceptum
458 3773 536 3815 cum
554 3749 727 3837 posterius
744 3755 884 3837 accepto
900 3755 1092 3834 permanet;
1114 3748 1326 3813 conveniunt
1346 3769 1405 3811 au-

193 3883 236 3948 25
260 3883 328 3941 tem
354 3876 435 3962 quia
464 3877 649 3962 utrobique
672 3899 743 3941 non
766 3876 804 3941 in
827 3881 984 3962 accepto,
1008 3874 1067 3941 sed
1091 3874 1128 3939 in
1153 3874 1226 3961 ipso
1251 3873 1404 3960 accipere

259 4003 678 4090 comperiturinfinitum.
703 4001 835 4067 Tertia:
860 4000 1036 4066 infinitum
1061 4000 1248 4066 secundum
1271 4000 1404 4086 opposi-

259 4131 388 4198 tionem
413 4139 448 4196 et
471 4129 658 4196 secundum
683 4128 888 4194 diuisionem
908 4150 942 4192 se
962 4135 1233 4212 consequuntur,
1255 4126 1334 4211 quia
1354 4126 1403 4190 al·

258 4257 325 4323 teri
344 4264 457 4345 potest
480 4257 609 4344 apponi
628 4255 720 4341 quod
743 4253 787 4320 ab
807 4253 915 4319 altera
938 4252 1178 4339 magnitudine
1197 4260 1402 4317 removetur.

257 4429 322 4441 ——
561 4429 660 4436 —---1·
675 4429 688 4435 .-
715 4427 779 4433 -,-ι-

355 4523 370 4575 ’ὀ
386 4522 546 4574 diserentiis
