3420 5190
468 407 579 454 svnni
600 405 820 454 sanativorum
840 404 1153 453 linrinnrerooavn.
1342 387 1380 450 59

239 573 310 632 tem
333 565 563 648 substantive,
587 564 674 630 aliae
698 563 832 629 faciunt
856 565 962 630 alium
987 586 1045 630 seu
1069 563 1229 648 alterum,
1265 561 1302 627 id
1330 569 1382 627 est

238 690 439 776 significant
466 689 704 756 diversitatem
732 688 910 755 adiective.
934 689 1038 754 quta
1060 688 1212 776 primum
1239 686 1378 753 modurn

238 814 385 880 dicimus
413 815 509 881 aliud
537 822 590 881 est
612 815 688 898 boe,
717 812 813 880 aliud
841 820 893 879 est
919 814 1035 897 hom0,
1069 813 1159 879 male
1188 812 1379 878 diceremus

237 940 341 1025 alius;
366 940 515 1007 secundo
545 941 646 1006 modo
670 940 758 1007 alius
787 947 838 1007 est
867 940 1038 1023 Socrates,
1063 939 1151 1004 alius
1180 945 1232 1004 est
1261 939 1380 1022 Plat0,

193 1067 298 1133 tubi
329 1067 418 1133 male
449 1067 638 1133 diceremus
668 1066 773 1133 aliud.
794 1066 887 1144 Quin
914 1065 983 1132 imo
1012 1065 1100 1131 alius
1127 1064 1256 1130 dicitur
1273 1063 1378 1129 etiarn

237 1192 328 1259 idem
353 1214 373 1259 a
397 1216 432 1258 se
455 1192 544 1280 ipso,
564 1199 603 1258 ut
630 1193 767 1281 ‘hospes
786 1192 874 1259 alius
893 1191 979 1258 mihi
998 1213 1091 1257 nuno
1110 1198 1215 1276 atque
1233 1197 1314 1256 ante
1332 1189 1383 1256 vi-

236 1318 352 1385 deris’

328 1443 502 1523 Quaedam
522 1443 606 1509 item
625 1442 899 1509 differentiarum
922 1448 1004 1509 sunt
1027 1441 1196 1508 divisivae
1214 1463 1380 1527 generum

237 1574 389 1653 tantum,
412 1577 453 1636 ut
475 1569 583 1657 tripes
606 1575 641 1634 et
664 1566 872 1656 quadrupes,
892 1567 1013 1635 videns
1036 1589 1106 1633 non
1130 1567 1264 1650 videns,
1289 1568 1381 1632 vola-

172 1695 215 1759 10
237 1694 300 1760 tile
323 1695 448 1783 reptile
468 1701 550 1761 sunt
572 1693 741 1760 divisivae
757 1693 974 1759 differentiae
993 1693 1130 1780 generis
1145 1692 1321 1778 animalis,
1347 1699 1381 1758 et

238 1820 319 1904 quia
344 1827 426 1886 sunt
445 1819 688 1902 accidentales,
712 1840 782 1886 non
806 1824 887 1885 sunt
911 1818 1157 1884 constitutivae
1181 1817 1381 1906 specierum.

236 1945 337 2010 Aliae
362 1945 468 2012 etiarn
492 1953 574 2012 sunt
598 1945 789 2033 specierum
813 1944 1074 2029 constitutivae,
1099 1943 1189 2009 sicut
1212 1943 1381 2009 rationale

236 2077 271 2135 et
294 2069 494 2136 irrationale
518 2070 681 2136 dividunt
704 2070 834 2136 animal
864 2075 899 2135 et
922 2069 1140 2135 constituunt
1169 2075 1279 2135 certas
1307 2090 1381 2157 spe-

236 2195 317 2281 cies,
342 2196 404 2262 ubi
426 2203 510 2262 nota
532 2196 701 2262 rationale
724 2196 829 2262 etiarn
849 2195 1036 2263 secundum
1059 2219 1184 2263 senon
1203 2196 1318 2262 minus
1337 2197 1381 2262 si-

171 2319 213 2384 15
235 2321 401 2408 gnificare
434 2321 604 2404 accidens,
638 2343 741 2407 qnam
768 2320 910 2387 risibile.
940 2321 1123 2408 Significat
1146 2321 1239 2387 euim
1261 2328 1381 2409 poten·

234 2445 321 2511 tiam
349 2445 394 2512 ad
421 2445 713 2532 ratiocinandum,
738 2445 797 2513 sed
829 2446 959 2513 virtute
991 2445 1174 2534 positionis
1204 2445 1380 2534 significat

235 2571 498 2637 substantialem
522 2571 769 2657 differentiam,
798 2595 869 2639 non
896 2578 969 2637 tam
993 2572 1162 2657 (inquam)
1186 2571 1377 2658 significat,

234 2719 339 2782 quam
358 2696 587 2783 adsignificat.
607 2697 791 2763 Rationale
810 2696 915 2783 enim,
935 2703 975 2762 ut
993 2697 1168 2784 significat
1186 2697 1379 2784 potentiam

234 2829 268 2886 et
284 2821 500 2906 qualitative,
522 2822 527 2910 l
547 2844 619 2888 non
636 2829 688 2889 est
704 2821 900 2888 differentia
919 2821 1126 2904 essentialis,
1144 2822 1204 2888 sed
1220 2828 1259 2888 ut
1273 2823 1379 2909 signi-
1404 2824 1473 2887 53
1484 2825 1541 2887 Μ

168 2944 214 3009 20
236 2947 318 3012 ficet
341 2945 486 3012 formale
509 2947 596 3013 illud
619 2955 654 3013 et
677 2948 829 3035 primum
852 2948 946 3014 illius
969 2948 1145 3036 potentiae
1169 2948 1376 3032 subiectum,

236 3072 327 3158 quod
346 3073 409 3138 tali
428 3073 596 3159 qualitate
620 3073 876 3159 denominatur,
901 3097 971 3141 non
995 3074 1236 3163 compositum,
1257 3073 1316 3141 sed
1341 3081 1380 3141 nt

236 3196 381 3285 simplex
397 3205 536 3284 natura,
552 3198 657 3265 habet
680 3200 753 3265 vim
772 3199 816 3265 ad
839 3200 1055 3266 referendum
1079 3194 1311 3267 differentiam
1331 3223 1380 3265 cs-

235 3322 423 3387 sontialem.
454 3321 622 3389 Similiter
651 3325 861 3407 irrationale,
888 3331 929 3391 ut
956 3325 1104 3391 sumitur
1132 3325 1295 3411 negative
1323 3325 1379 3389 vel

233 3446 419 3533 privative,
444 3471 514 3514 non
538 3456 590 3515 est
613 3450 809 3516 differentia
833 3450 998 3516 distincta
1026 3450 1256 3517 essentialiter
1280 3473 1300 3515 a
1325 3473 1377 3515 ra·

167 3578 211 3642 25
234 3571 376 3658 tionali,
398 3573 456 3639 sed
475 3582 527 3639 est
543 3574 715 3658 accidens;
734 3582 774 3641 ut
793 3599 873 3643 voro
891 3575 1121 3663 distinguitur
1136 3584 1257 3643 eontra
1275 3576 1379 3643 ratio-

233 3697 324 3781 nale,
344 3698 518 3785 significat
536 3701 697 3788 positive,
719 3702 814 3766 utin
834 3702 921 3767 bove
941 3701 1051 3790 ipsam
1076 3702 1318 3784 bovinitatom,
1341 3702 1378 3768 in

235 3822 331 3888 asino
353 3824 567 3911 asinitatem,
588 3825 624 3891 id
642 3832 693 3891 est
716 3826 900 3892 essentiam
924 3826 1020 3893 illam
1044 3836 1078 3892 et
1102 3835 1261 3894 naturam
1289 3851 1377 3914 <puae

234 3946 319 4013 facit
342 3948 466 4014 bovem
485 3973 557 4016 csse
574 3951 713 4034 bovem,
730 3951 946 4018 differentem
966 3953 1010 4019 ab
1025 3952 1086 4019 illa
1101 3961 1226 4020 natura
1245 3961 1280 4019 et
1299 3977 1378 4020 con·

233 4074 439 4161 tropositam
462 4075 515 4141 illi
540 4085 684 4142 naturae
706 4100 792 4163 quae
812 4078 896 4144 facit
911 4079 1087 4146 hominem
1103 4103 1175 4146 esse
1193 4078 1377 4163 hominem,

167 4213 212 4278 30
235 4220 337 4284 qnam
362 4223 422 4287 por
451 4202 620 4268 rationale
647 4203 758 4289 magis
784 4203 977 4270 indicamus
1001 4228 1104 4291 quam
1128 4205 1376 4292 significamus,

237 4375 677 4387 ——-—-.-.-———..--.-——
729 4382 744 4386 ...
758 4381 969 4388 ...—--.-——-
987 4383 1161 4390 ---—..--.,..

325 4476 341 4526 6
358 4475 460 4541 hospes
475 4479 530 4542 clo!
545 4476 620 4528 nolito
633 4478 745 4541 corripio
759 4478 867 4544 (odyn.
884 4483 928 4541 16,
946 4483 1003 4546 181)
1067 4483 1099 4533 22
1115 4483 1295 4536 referendam
1311 4487 1335 4536 (ι’
