3420 5190
459 435 571 483 svnnn
592 435 812 485 manruonvn
832 435 1147 487 nurnnnrsmonvu.
1335 418 1374 488 43

229 593 321 661 enim
340 594 445 661 habet
475 619 547 662 esse
575 596 686 663 lineae
710 619 820 684 neque
844 598 887 663 ab
904 597 968 664 hac
993 621 1105 685 neque
1124 601 1168 666 ab
1192 601 1311 684 altera,
1333 601 1376 666 si·

232 727 292 786 cut
320 720 412 785 inter
441 720 602 787 dextrum
622 728 656 787 et
683 722 873 789 sinistrum.
892 724 1045 791 Rursum
1076 725 1227 792 medium
1247 733 1299 806 est
1317 727 1376 793 du·

229 844 325 933 plex:
345 845 518 938 quoddam
537 848 740 935 punctuale,
755 847 927 934 quoddam
940 871 1021 917 vero
1032 849 1289 918 dimensicnale.
1307 852 1377 917 Me-

229 969 324 1037 dium
338 971 525 1059 punctuale
541 979 594 1038 est
612 972 700 1038 illud
719 973 810 1058 quod
823 975 1014 1059 aequaliter
1025 975 1132 1041 distat
1144 977 1187 1042 ab
1199 976 1374 1060 extremiS,

186 1092 207 1157 5
232 1096 304 1162 sive
322 1097 531 1183 geometrice
550 1097 622 1164 sive
639 1098 856 1164 arithmetice
875 1100 1105 1187 concipiatur;
1125 1101 1277 1167 medium
1294 1123 1375 1169 vero

231 1221 481 1288 dimensionale
513 1230 565 1289 est
595 1223 762 1309 quicquid
792 1225 985 1312 accipiatur
1023 1225 1114 1313 quod
1137 1247 1209 1291 non
1239 1226 1285 1292 sit
1308 1226 1377 1313 pri-

230 1370 325 1414 mum
343 1371 455 1436 neque
484 1348 661 1432 ultimum,
681 1349 771 1415 sicut
801 1349 893 1416 inter
919 1373 1028 1416 unum
1052 1357 1087 1416 et
1116 1350 1232 1417 decem
1263 1350 1376 1416 media

230 1480 313 1540 sunt
344 1473 426 1558 duc,
445 1473 528 1558 tria,
560 1481 722 1560 quatuor,
740 1496 866 1540 novem
896 1483 973 1560 etc,
992 1477 1180 1563 punctuale
1208 1498 1289 1544 vero
1307 1498 1362 1541 me

230 1599 327 1666 dium
346 1606 399 1664 est
418 1598 510 1684 quod
529 1597 714 1664 intercedit
732 1599 824 1666 inter
842 1600 996 1686 quinque
1015 1608 1050 1667 et
1069 1624 1137 1667 sex.

164 1848 207 1914 10
584 1848 724 1914 XXIII.
740 1847 1017 1915 Iusrnvunurvu.

318 2097 554 2161 Instrumenta
573 2094 839 2182 distinguuntur
857 2095 946 2161 sicut
965 2102 1000 2161 et
1012 2095 1198 2162 efficientes
1217 2104 1251 2162 et
1270 2097 1375 2163 actio-

229 2242 300 2286 nes.
324 2220 559 2287 Efficientium
584 2221 677 2285 enim
706 2219 1001 2305 substantialium,
1026 2220 1062 2285 id
1087 2221 1223 2306 estqui
1252 2220 1375 2288 immu-

228 2351 308 2412 tant
327 2346 559 2412 substantiam
578 2351 612 2411 et
635 2352 810 2430 naturam,
830 2345 1062 2411 instrumenta
1086 2352 1168 2412 sunt
1186 2347 1373 2429 naturalia;

232 2471 292 2560 qui
310 2494 392 2539 vero
408 2470 594 2537 efficientes
617 2478 799 2537 versantur
815 2464 905 2536 circa
924 2472 1118 2556 materiam,
1139 2474 1144 2557 Ι
1165 2472 1254 2537 sicut
1269 2470 1374 2538 artifi-
1400 2470 1508 2535 448
1523 2467 1565 2535 G

165 2595 207 2659 15
231 2620 300 2680 ces,
318 2597 548 2663 instrumenta
568 2595 674 2661 etiam
692 2595 823 2661 habent
846 2603 988 2662 externa
1011 2596 1200 2679 sensibilia;
1223 2596 1283 2682 qui
1301 2619 1374 2664 ver·

229 2731 350 2790 santur
360 2722 498 2788 circaea
509 2729 686 2807 quaesunt
696 2721 788 2787 inter
798 2720 992 2787 artificialia
1003 2728 1037 2786 et
1049 2721 1232 2806 naturalia,
1243 2721 1375 2788 habent

228 2848 333 2914 etiam
350 2847 462 2913 media
478 2847 724 2930 instrumenta,
741 2846 831 2912 sicut
844 2868 912 2912 vox
931 2852 983 2912 est
1002 2846 1285 2931 instrumentum,
1306 2869 1374 2932 qua

229 2971 356 3039 docens
376 2971 532 3039 infundit
550 2971 771 3058 disciplinam
794 2971 831 3036 in
855 2971 1097 3037 addiscentem.
1119 2971 1209 3037 Sunt
1233 2971 1374 3058 quidam

229 3096 429 3181 efficientes,
460 3097 519 3183 qui
541 3119 605 3185 pro
628 3095 800 3183 dignitate
832 3118 902 3162 non
930 3103 1097 3182 tanquam
1125 3096 1375 3183 instrumento,

161 3231 207 3295 ‘20
229 3222 288 3288 sed
312 3230 479 3310 tanquam
502 3222 614 3288 medio
638 3221 802 3288 dicuntur
824 3243 938 3308 agere;
959 3229 993 3287 et
1012 3244 1073 3309 per
1096 3220 1160 3287 hoc
1183 3220 1301 3287 differt
1324 3221 1375 3287 in·

229 3353 459 3415 strumentum
488 3371 507 3414 a
537 3347 663 3432 medic,
699 3346 779 3433 quia
807 3368 908 3412 omne
938 3346 1089 3412 medium
1120 3345 1373 3432 quodammodo

229 3480 281 3539 est
300 3473 581 3557 instrumentum,
606 3480 847 3561 praeterquam
860 3472 890 3538 si
900 3472 1083 3557 loquamur
1103 3472 1110 3560 Ι
1128 3471 1170 3536 de
1189 3470 1301 3537 medio
1321 3493 1374 3538 co·
1398 3484 1469 3548 35
1480 3484 1536 3547 Μ

229 3599 402 3687 pulativo,
422 3598 512 3665 sicut
530 3606 581 3664 est
600 3598 657 3665 via
681 3605 715 3663 et
739 3597 907 3663 terminus
931 3594 1071 3682 quidam
1096 3604 1223 3680 motus,
1248 3597 1307 3662 sed
1323 3597 1373 3663 lo·

231 3725 370 3810 quimur
392 3722 434 3789 de
458 3723 569 3789 medio
594 3745 661 3809 quo
681 3745 787 3809 agens
811 3723 898 3810 agit,
919 3722 1007 3788 sicut
1031 3721 1202 3806 minister,
1223 3721 1371 3808 legatus,

161 3852 205 3918 25
230 3848 322 3935 quod
340 3847 432 3915 idem
452 3848 521 3915 dici
540 3855 655 3937 potest
672 3849 941 3914 instrumentum
965 3847 1068 3914 illius.
1089 3846 1157 3912 Sed
1181 3847 1211 3912 si
1234 3847 1370 3934 ampliu·

228 3994 301 4039 rem
319 3972 446 4039 habeat
465 3973 673 4061 dignitatem
697 3981 732 4039 et
755 3972 987 4057 nobilitatem,
1011 3979 1045 4039 et
1068 3971 1211 4061 propius
1235 3971 1375 4037 accedat

228 4098 273 4166 ad
297 4099 532 4194 conditionem
560 4100 646 4184 eius,
673 4099 732 4185 qui
755 4098 996 4187 principaliter
1028 4105 1191 4186 operatur
1218 4098 1273 4164 vel
1297 4098 1375 4162 mit-

229 4224 288 4312 tit,
308 4247 379 4292 non
398 4225 526 4291 dicitur
550 4225 833 4309 instrumentum,
853 4224 913 4290 sed
936 4224 1095 4290 medium.
1116 4222 1269 4289 Medium
1293 4245 1375 4310 quc·

321 4432 350 4481 11
369 4431 567 4481 Instrumenta
580 4430 802 4491 distinguuntur
820 4428 851 4478 T:
867 4429 1096 4480 Instrumentum
1110 4429 1302 4494 ‹listinguitur
1316 4427 1372 4479 MG

228 4511 260 4564 13
276 4511 456 4563 Instrumnta
468 4508 500 4559 Μ
560 4511 591 4560 21
608 4510 676 4576 quia
688 4509 757 4560 M'I':
771 4508 847 4575 quod
862 4509 885 4559 G
