3420 5190
474 428 586 473 sunna
608 426 828 473 resumuntur
849 426 1162 473 irnrarnrsrconvn.
1352 415 1389 472 91

250 585 515 651 similitudinem
531 585 719 649 admittens
738 584 907 650 naturalis
926 584 1076 670 generis,
1097 592 1267 669 quatenus
1287 585 1331 650 ab
1352 607 1391 650 co

249 711 413 776 (licuntur
424 734 534 796 genus
544 709 669 775 habere
685 709 801 775 omnia
814 716 848 774 et
869 710 873 797 l
894 716 993 795 pater
1006 709 1134 774 dicitur
1146 709 1310 791 onmium,
1323 731 1393 775 non
1418 710 1527 774 487
1544 708 1586 775 G

250 842 366 900 tamen
390 835 578 901 secundum
601 857 677 901 eam
700 835 885 901 univocam
908 834 1091 918 rationem,
1112 857 1180 920 qua
1204 835 1277 900 llus
1297 833 1393 899 (lucit

250 983 359 1046 genus
386 961 429 1025 ab
454 961 618 1042 Hercule,
642 960 701 1024 sed
720 982 787 1046 qua
811 982 896 1047 opus
922 960 965 1025 ab
985 959 1116 1046 opifice.
1136 959 1302 1044 Theologi
1328 958 1394 1045 ipsi

206 1085 404 1152 briderint·
427 1086 468 1150 de
493 1086 553 1150 illa
577 1085 725 1151 univoca
747 1085 984 1172 generatione,
1004 1107 1071 1170 qua
1095 1092 1193 1171 pater
1217 1084 1395 1169 aequale-m

252 1210 319 1277 sibi
339 1210 449 1276 filium
468 1211 629 1295 genuerit
654 1218 688 1276 01
703 1210 838 1297 gignat.

626 1472 836 1537 XXXVIII.
867 1472 1015 1537 Seuerus.

341 1706 461 1791 Neque
481 1704 599 1770 modos
618 1703 705 1769 ullos
725 1702 851 1790 speciei
871 1702 968 1769 iuxta
984 1703 1136 1770 rationes
1155 1709 1258 1788 atque
1279 1702 1397 1768 modos

254 1839 471 1898 enumeratos
486 1830 573 1896 citra
587 1827 838 1916 prae-iudicium
854 1837 890 1895 et
905 1828 1155 1915 blasphemiam
1171 1827 1202 1892 ei
1218 1851 1398 1914 possumus

189 1963 232 2027 10
255 1958 453 2045 appingere.
473 1955 595 2040 Neque
621 1953 714 2019 eninr
744 1963 797 2021 est
820 1953 949 2040 species
979 1953 1216 2041 metaphysica
1240 1977 1299 2019 seu
1323 1954 1399 2018 idea

253 2106 382 2167 rerum,
410 2104 521 2167 neque
544 2079 674 2167 spec-ies
704 2080 848 2167 physica
872 2103 931 2145 seu
950 2079 1061 2146 forma
1093 2079 1130 2144 in
1151 2079 1267 2163 rebus
1288 2101 1399 2164 neque

256 2207 385 2293 species
418 2207 531 2292 logica
565 2229 625 2271 scu
656 2203 767 2270 forma
802 2228 845 2269 ex
876 2205 979 2270 rebus
1013 2205 1204 2270 communis
1240 2204 1399 2290 pluribus

257 2338 392 2419 (nempe
405 2331 554 2397 essentia
566 2330 724 2417 pluribus
737 2329 775 2394 in
790 2329 1060 2417 particularibus
1072 2334 1273 2416 comperta),
1287 2352 1398 2416 neque

256 2457 448 2523 artificialis
464 2456 519 2521 vel
536 2455 579 2521 ad
596 2455 788 2521 artificialis
805 2455 931 2542 speciei
950 2454 1216 2521 similitudinem
1232 2453 1401 2541 exempla·

192 2596 232 2660 15
256 2583 317 2666 ris3
331 2583 400 2649 imo
412 2604 524 2668 neque
535 2604 597 2669 per
612 2581 842 2667 exemplarem
854 2580 974 2665 ullam,
990 2580 1135 2645 idealem
1151 2603 1211 2645 seu
1224 2578 1401 2665 metaphy-

256 2708 376 2791 sicam,
396 2707 590 2774 naturalem
609 2730 669 2773 seu
681 2706 874 2793 physicam,
891 2705 1040 2792 logicam
1056 2729 1115 2772 seu
1132 2704 1399 2772 intentionalem

256 2842 308 2900 est
320 2832 631 2921 repraesentabilis.
645 2832 756 2898 Omne
767 2831 861 2896 eninr
880 2831 1087 2918 productum
1099 2854 1200 2918 aegro
1212 2829 1402 2918 producen-

256 2960 302 3026 tis
315 2958 395 3025 talis
406 2957 672 3025 similitudinem
683 2957 813 3045 pot-erit-
836 2957 1009 3044 explicare
1022 2957 1160 3041 melius,
1186 2981 1291 3043 quam
1309 2957 1401 3023 ensis

256 3085 309 3151 sui
326 3084 468 3171 opificis,
482 3083 604 3149 (lomus
620 3082 673 3149 sui
690 3081 926 3149 architectoris
943 3081 1216 3148 similitmlinern.
1228 3072 1416 3147 Referunt

189 3213 235 3276 20
257 3209 348 3274 enim
374 3209 468 3273 illius
496 3207 674 3295 potentiae
703 3207 838 3273 activae
867 3207 1069 3292 vestigium,
1091 3207 1178 3272 nihil
1203 3229 1285 3272 vero
1310 3204 1402 3291 quod

256 3334 299 3398 ull
319 3333 412 3398 illius
431 3332 664 3399 substantiam
680 3341 714 3398 et
730 3332 934 3419 hypostasin
950 3331 1191 3418 attingendam
1211 3331 1354 3397 confert.

657 3599 834 3664 XXXIX.
859 3600 932 3664 Psn
951 3622 1000 3664 su.

349 3830 451 3896 quta
469 3829 610 3895 tertium
626 3828 766 3894 modum
783 3829 919 3894 «licendi
938 3852 1001 3916 per
1020 3853 1055 3895 se
1079 3852 1118 3894 ea
1139 3852 1225 3914 (pute
1245 3828 1400 3894 existunt.

258 3957 415 4022 umbram
435 3954 608 4041 qumnlam
631 3955 788 4021 referunt
815 3955 923 4041 ipsius
948 3955 1008 4041 qui
1032 3962 1083 4020 est
1101 3978 1163 4041 per
1189 3979 1233 4018 se.
1256 3955 1403 4040 Reliqua

190 4093 234 4157 25
258 4081 349 4146 enirn
370 4081 485 4146 ornnia
505 4088 641 4166 praeter
660 4080 772 4145 Deum
791 4090 872 4147 sunt
893 4104 952 4166 per
971 4104 1020 4165 sc,
1041 4104 1119 4146 cum
1139 4081 1307 4164 existant,
1324 4104 1402 4145 curn

263 4249 723 4259 ———..
738 4248 927 4255 -.—-——-—
937 4249 1008 4255 --—
1017 4250 1102 4255 —..
1126 4251 1132 4256 .
1142 4250 1175 4255 —.
1184 4248 1211 4255 --
1225 4248 1396 4255 ——----

348 4334 363 4383 3
381 4331 451 4400 llus]
465 4351 487 4382 1.
504 4350 529 4383 α.
543 4351 571 4395 p.
585 4334 625 4389 61,
644 4334 672 4382 l!
736 4334 767 4382 10
783 4331 864 4383 idaea
877 4331 909 4381 l!
972 4334 1000 4382 15
1017 4348 1055 4395 sq.
1074 4348 1123 4399 por
1141 4331 1285 4397 exemplar
1299 4331 1403 4394 ullum,

257 4415 348 4464 idi-alc
366 4429 416 4463 seu
436 4414 679 4478 metaphysicum,
697 4412 827 4463 naturale
847 4427 897 4463 seu
915 4413 1082 4478 physicum,
1101 4414 1225 4477 logicum
1243 4428 1294 4463 seu
1312 4411 1402 4463 inteu-

257 4494 367 4546 tionala
383 4495 407 4545 G
473 4495 502 4543 15
518 4492 656 4544 iclaealom
669 4493 701 4543 il!
