3420 5190
239 394 277 460 5³2
679 411 935 462 munemnnvm

237 572 353 657 latini,
374 571 465 658 quod
484 571 596 637 civilis
620 572 797 657 scientiae,
816 573 907 638 unde
931 573 986 638 ius
1010 571 1112 638 civile
1129 594 1201 639 non
1224 571 1317 637 idem
1336 571 1381 638 si-

236 697 380 784 gnificat
396 697 488 782 quod
497 698 550 762 ius
560 697 753 784 politicum,
772 698 930 784 quamvis
947 698 1096 764 civitas
1110 704 1144 764 et
1158 697 1265 786 polis
1285 697 1378 764 idem

236 823 442 909 significent.
462 824 585 909 Itaque
608 823 645 888 in
668 823 886 912 philosophia
909 831 945 890 et
967 824 1044 890 aliis
1067 823 1221 890 scientiis
1243 845 1315 889 uon
1333 846 1377 888 ex

236 947 349 1033 rigore
367 949 594 1035 grammatico
613 947 655 1014 de
674 948 853 1016 nominum
876 950 1129 1036 significatione
1151 957 1204 1015 est
1222 948 1377 1015 iudican-

192 1073 212 1137 5
236 1072 331 1158 dum,
352 1074 412 1140 sed
435 1097 477 1140 ex
495 1097 560 1141 usu
583 1080 618 1140 et
640 1075 861 1141 institutione
880 1075 1021 1162 artium,
1041 1075 1079 1141 in
1102 1097 1247 1161 quarum
1270 1075 1377 1140 inter-

236 1200 431 1287 pretatione
449 1207 576 1266 temere
599 1223 634 1266 se
651 1200 816 1287 ingerunt
840 1208 874 1267 et
897 1224 975 1267 cum
999 1224 1125 1288 magna
1148 1201 1287 1267 illarum
1309 1200 1377 1266 iac-

235 1332 314 1392 tura
333 1325 562 1413 grammatici.

677 1574 798 1640 XXX.
823 1574 929 1640 Onn0.

324 1822 416 1888 Ordo
441 1821 629 1889 secundum
652 1837 780 1908 genera
802 1846 917 1888 rerum
945 1821 1175 1910 distinguitur
1198 1824 1374 1909 (definitur

170 1945 212 2008 10
235 1948 328 2014 enim
352 1947 479 2035 positio
510 1971 570 2013 seu
599 1948 802 2014 constitutio
830 1949 1042 2016 diversorum
1067 1948 1254 2015 secundum
1277 1950 1373 2037 prius

234 2078 269 2137 et
294 2073 493 2161 posterius);
518 2072 632 2138 ethic
655 2080 715 2139 aut
739 2074 976 2140 consideratur
999 2074 1186 2140 secundum
1210 2075 1376 2141 conditio-

235 2221 314 2263 nem
335 2205 481 2264 naturae
497 2198 666 2283 absolute,
687 2206 721 2264 et
738 2199 788 2264 ita
804 2206 855 2265 est
869 2200 906 2264 in
925 2199 1201 2287 praedicamento
1218 2200 1375 2266 substan-

236 2324 320 2407 tiac;
345 2331 406 2390 aut
428 2323 616 2391 secundum
640 2324 872 2391 conditionem
900 2333 1044 2391 naturae
1071 2326 1286 2392 inhaerentis
1315 2350 1375 2393 seu

233 2449 423 2515 adiacentis
447 2474 507 2517 scu
530 2451 712 2535 adiective,
736 2451 843 2517 etita
870 2452 1035 2540 primaria
1064 2451 1211 2537 quadam
1239 2451 1374 2518 ratione

168 2575 209 2640 15
233 2575 342 2641 estin
360 2576 638 2663 praedicamento
651 2577 857 2662 quantitatis
877 2577 971 2663 (quia
990 2576 1191 2642 innumeris
1209 2584 1261 2643 est
1280 2576 1374 2661 ordo,

233 2725 301 2788 quo
319 2702 527 2768 naturaliter
546 2701 661 2768 unitas
681 2687 859 2790 praecedit
877 2701 1095 2787 dualitatem,
1113 2703 1245 2790 paritas
1269 2703 1375 2789 impa-

230 2828 384 2909 ritatem,
409 2850 572 2894 nnmerus
595 2828 726 2913 digitus
749 2828 944 2912 articulum,
965 2826 1100 2893 lincalis
1123 2828 1280 2914 piamun,
1299 2828 1373 2915 pla-

234 2976 299 3019 nus
319 2953 480 3036 solidum3
501 2954 590 3019 sicut
607 2960 641 3018 et
660 2954 742 3020 ordo
762 2960 814 3019 est
831 2953 936 3020 locati
956 2953 999 3019 ad
1014 2954 1143 3038 locum,
1163 2954 1259 3040 prius
1278 2954 1371 3018 enim

232 3087 283 3143 est
302 3080 396 3145 locus
416 3102 518 3164 quam
537 3079 709 3163 locatum),
729 3080 877 3145 secundo
897 3086 948 3145 est
971 3079 1008 3143 in
1030 3102 1154 3164 genera
1178 3079 1371 3164 qualitatis,

377 3173 388 3194 .

165 3203 210 3265 20
233 3204 294 3270 ubi
313 3213 365 3269 est
389 3203 470 3269 ordo
495 3227 563 3289 quo
592 3211 702 3269 certas
722 3205 905 3289 qualitates
929 3205 966 3270 in
990 3205 1143 3269 sullies-to
1163 3205 1372 3291 praecedunt

233 3339 344 3397 certae
365 3331 562 3418 qualitates,
583 3331 672 3396 sicut
698 3332 878 3419 dispositio
902 3331 1076 3419 praecedit
1099 3331 1269 3414 habitum,
1290 3332 1370 3396 sirn-

231 3460 310 3544 plex
332 3457 559 3545 apprehensio
581 3458 584 3543 l
606 3459 902 3545 compositionem,
933 3458 1051 3524 acidus
1074 3480 1175 3544 sapor
1198 3459 1373 3544 praecedit
1397 3463 1468 3525 45
1482 3464 1537 3524 M

231 3584 375 3649 dulcem.
393 3582 561 3648 Similiter
580 3584 617 3648 in
636 3607 761 3668 genere
783 3584 961 3649 relationis
981 3590 1032 3649 cst
1056 3584 1153 3666 orde,
1174 3583 1263 3648 sicut
1283 3582 1371 3649 ratio

231 3708 452 3795 paternitatis
476 3716 511 3772 et
529 3708 708 3773 filiationis
727 3710 902 3796 praecedit
920 3710 1089 3774 rationem
1104 3708 1236 3774 domini
1256 3715 1290 3773 et
1306 3731 1373 3773 ser-

165 3826 207 3890 ‘25
231 3832 279 3916 vi,
300 3832 458 3919 magistri
473 3840 507 3896 et
526 3833 696 3920 discipuli.
718 3834 805 3899 Item
820 3836 856 3899 in
872 3858 996 3920 genere
1012 3835 1186 3899 actionum
1206 3839 1257 3899 est
1276 3833 1372 3914 ord0;

232 3959 322 4043 ignis
343 3961 433 4024 enim
464 3961 560 4047 prius
590 3961 748 4026 calefacit
767 3985 869 4046 qrunn
900 3960 1114 4041 terrefaciut,
1135 3966 1169 4023 ct
1195 3959 1373 4024 fervefacit

232 4085 327 4170 prius
348 4109 450 4170 quam
471 4094 613 4170 torreat,
640 4098 674 4151 ct
699 4095 806 4152 torret
829 4088 924 4172 prius
953 4109 1056 4171 quam
1080 4086 1239 4151 resolvat,
1270 4086 1372 4150 Simi-

232 4211 311 4274 liter
334 4211 371 4275 in
395 4211 672 4297 praedicamento
691 4212 860 4298 passionis
885 4235 902 4275 c
926 4234 1103 4293 converso,
1123 4211 1213 4276 sicut
1236 4211 1371 4297 lignum

325 4408 335 4452 1
355 4403 421 4468 Ιιχᾳμὶ
440 4406 561 4454 scicntia
624 4408 692 4469 deq.
711 4407 978 4470 interpretationem
1000 4422 1123 4469 rurreppi*
1146 4408 1169 4452 (ι’
1232 4406 1263 4453 a:
1280 4407 1370 4457 ferrc-

230 4484 318 4533 faoiat
336 4486 375 4533 u:
394 4484 546 4535 fervefacit
562 4485 614 4534 'llll
