3420 5190
327 369 367 429 34
768 383 909 430 roncum
928 382 1031 430 aavm

326 561 408 606 vero
427 538 472 605 ad
496 538 674 605 theoriam.
694 537 854 604 Praetioa
877 538 946 604 aha
968 542 1127 604 versatur
1149 536 1240 604 circa
1264 558 1389 624 corpus
1410 559 1478 604 nu·

327 663 519 748 triendum,
537 662 791 747 medicandum,
811 662 1020 748 ornandum,
1036 661 1221 729 locandum
1236 669 1271 728 et
1289 660 1479 728 defenden-

328 789 418 873 dum,
426 810 573 875 quarum
582 787 765 874 organicae
774 794 856 853 sunt
868 788 1114 854 constitutivae
1123 785 1477 874 generaliuminstru-

327 921 535 998 mentorum,
556 912 646 979 sicut
662 919 715 978 est
739 913 895 999 malleus,
916 914 1039 997 culter,
1056 912 1236 979 tenaculae
1253 913 1310 979 vel
1325 911 1475 979 forfices.

284 1037 305 1100 5
328 1038 495 1105 Theorica
514 1036 678 1122 organica
696 1036 764 1102 alia
783 1044 864 1103 sunt
883 1037 926 1103 ad
949 1037 1056 1104 verba
1074 1043 1109 1103 et
1128 1059 1229 1104 voces
1248 1035 1475 1124 regulandas,

328 1170 368 1229 ut
397 1162 637 1250 granimatica,
665 1161 853 1246 rhetorica,
881 1162 1031 1249 politiam
1050 1161 1120 1228 aha
1143 1161 1309 1228 etiamad
1332 1182 1477 1249 concep-

329 1291 399 1371 tus,
420 1293 459 1352 ut
474 1286 587 1373 logica
606 1286 744 1374 proprie
768 1285 871 1352 dicta.
895 1287 942 1352 Et
965 1286 1049 1352 haec
1072 1308 1203 1374 organa
1221 1286 1272 1353 ita
1290 1309 1326 1355 se
1343 1285 1476 1354 habent

331 1412 375 1478 ad
393 1412 556 1478 scientias
575 1412 819 1499 speculativas,
839 1411 930 1478 siout
947 1411 1124 1500 praedicta
1148 1413 1192 1479 ad
1208 1412 1314 1479 artois
1342 1412 1476 1479 mecha-

329 1537 439 1620 nicas;
463 1542 497 1602 et
517 1536 607 1602 sicut
629 1535 821 1602 mechanici
839 1543 920 1601 ante
939 1558 1001 1603 sua
1019 1558 1122 1624 opina
1145 1543 1292 1625 patrant
1312 1536 1397 1603 haec
1420 1536 1474 1603 in·
1501 1547 1578 1613 25
1590 1549 1651 1614 M

266 1666 308 1730 10
331 1666 536 1745 strumenta,
556 1660 606 1726 ita
625 1667 661 1726 et
680 1661 959 1749 contemplativis
978 1661 1091 1748 logica
1110 1661 1354 1728 universaliter
1380 1661 1475 1728 diota

331 1786 375 1853 ad
394 1785 549 1853 omnium
566 1785 804 1853 methodorum
816 1785 990 1873 principia
1007 1786 1099 1852 viam
1115 1793 1272 1853 sternens
1291 1793 1326 1852 et
1342 1785 1475 1853 habens

333 1921 386 1981 est
405 1912 667 2001 praecepienda;
680 1913 762 1999 quia
774 1911 988 1999 impossibile
1007 1919 1058 1977 est
1077 1911 1181 1977 simul
1196 1934 1358 1997 quaerere
1369 1911 1476 1978 scien·

331 2039 419 2104 tiam
447 2044 481 2104 et
508 2036 649 2103 modum
679 2037 818 2103 sciendi.
846 2036 1098 2124 Principalium
1125 2041 1211 2103 vero'
1236 2036 1475 2122 cognitionum

333 2162 682 2249 contemplativarum
701 2160 769 2244 (hio
789 2161 882 2227 enim
900 2160 1116 2228 mechanicas
1138 2162 1476 2249 praetermittimus),

268 2295 309 2359 15
334 2310 422 2373 quae
441 2309 558 2353 omnes
577 2286 621 2353 ad
644 2286 752 2351 animi
775 2309 834 2352 sen
857 2285 1008 2352 hominis
1030 2286 1206 2352 interioris
1228 2285 1477 2374 perfectionem

334 2410 533 2477 conducunt
552 2417 587 2477 ct
605 2410 704 2475 iuxta
723 2418 792 2476 tres
808 2411 982 2497 potentias
998 2410 1135 2476 animae
1153 2410 1334 2477 rationalis
1353 2411 1390 2477 in
1406 2418 1476 2478 tres

334 2538 457 2603 classes
481 2533 747 2601 distribmrntur.
764 2534 938 2612 Quaedam
959 2534 1052 2600 enim
1071 2535 1233 2622 regulant
1245 2535 1475 2620 intellectum,

334 2659 502 2746 quaedam
518 2658 747 2742 voluntatem,
762 2658 929 2744 quaedam
947 2660 1156 2726 memoriam.
1177 2659 1406 2747 Regulativae
1424 2660 1477 2725 in·

335 2786 491 2851 tellectus
511 2790 591 2850 sunt
611 2791 698 2871 tres,
719 2784 876 2872 physica,
900 2785 1143 2853 mathematica
1166 2793 1202 2852 et
1224 2786 1477 2874 metaphysica:

268 2917 312 2983 20
334 2911 446 3000 prima
464 2933 550 2996 quae
575 2909 768 2977 considerat
792 2911 832 2975 de
856 2910 957 2976 rebus
980 2912 1217 2977 materialibus
1241 2911 1477 2978 concernendo

335 3036 528 3118 materiam,
555 3035 703 3101 secunda
731 3035 773 3100 dc
802 3035 904 3101 rebus
928 3035 1164 3102 materialibus
1194 3035 1425 3103 abstrahendo
1458 3060 1478 3102 a

335 3160 493 3244 matoria,
523 3161 626 3225 tert-ia
651 3161 692 3225 de
716 3161 817 3226 rebus
844 3161 1138 3226 immaterialibua
1164 3160 1395 3247 Regulativae
1418 3184 1477 3228 vo-

335 3286 480 3352 luntatis
509 3294 590 3352 sunt
620 3286 825 3373 praecipuae
853 3286 1016 3351 scientiae
1039 3287 1200 3372 morales,
1224 3309 1313 3373 quae
1343 3286 1380 3352 in
1409 3293 1479 3354 tres

336 3412 465 3498 species
494 3411 769 3477 distrilmuntur:
800 3411 837 3475 in
866 3410 1030 3495 ethicam,
1058 3411 1185 3496 quibus
1212 3412 1411 3498 regulamur
1442 3413 1479 3478 in

269 3539 312 3603 25
336 3536 607 3624 nobismetipsis,
626 3545 660 3601 ct
680 3535 880 3602 ordinamur
903 3535 947 3601 ad
976 3534 1091 3602 onmia
1117 3543 1192 3602 tum
1218 3537 1480 3602 sccrmdumex·

336 3668 449 3745 terna,
482 3678 558 3727 tum
586 3662 772 3727 seeundum
801 3661 954 3744 interna;
984 3661 1215 3744 oeconomica,
1249 3686 1316 3747 qna
1343 3670 1479 3729 nostros

337 3787 436 3853 nobis
456 3787 622 3852 finitimos
647 3786 815 3872 sanguine
840 3794 874 3849 et
898 3786 1113 3851 habitatione
1141 3785 1342 3853 coniunctos
1367 3786 1480 3852 mode-

430 4030 533 4094 3quac
549 4028 683 4092 organica
702 4033 746 4076 est
760 4028 951 4077 constitutiva
966 4028 989 4078 G
1052 4029 1067 4079 4
1085 4028 1228 4091 tenacula,
1243 4030 1289 4079 vel
1307 4029 1430 4093 forcipes
1455 4030 1479 4081 G

336 4111 456 4159 &artois
476 4108 548 4158 MT:
567 4115 644 4158 artos
663 4108 686 4156 G
750 4109 781 4156 15
797 4107 899 4172 quaet·
921 4108 1066 4158 cotarellum
1089 4109 1125 4158 do
1146 4110 1182 4160 G:
1207 4109 1252 4159 noi
1271 4109 1479 4174 prescrirenuuo

338 4190 396 4239 allo
413 4191 429 4239 I.
446 4192 476 4238 li
494 4189 722 4250 distribuuntur,
741 4189 879 4251 quaedam
898 4188 993 4256 [onim]
1057 4189 1089 4239 al
1106 4190 1135 4239 in
1154 4190 1289 4253 ethicam,
1310 4188 1424 4256 quibus]
1441 4187 1479 4239 aio

336 4270 764 4330 26<iu)oeoon0111icameap.
782 4272 831 4328 35,
854 4272 864 4316 l
881 4267 1040 4319 similaremur
1058 4270 1112 4321 (in)
1130 4270 1278 4335 politicam
1295 4284 1346 4319 seu
1364 4269 1478 4320 civilem

339 4351 488 4415 (speciem)
508 4352 543 4401 G:
559 4367 600 4398 rna
616 4350 633 4398 l'
647 4347 839 4412 inconprueuxa
849 4348 924 4398 norat
938 4355 1007 4399 cerlo
1020 4350 1119 4400 <lorido
1136 4350 1173 4400 ad
1190 4365 1285 4400 errore
1302 4350 1330 4400 di
1347 4348 1478 4401 aorittura

339 4449 353 4481 ο
368 4431 397 4480 di
411 4438 516 4496 alrrrupo
573 4430 603 4479 2?
617 4429 755 4481 finitimos
770 4446 818 4478 ona
833 4428 864 4479 M
867 4432 889 4481 (ι’
