3420 5190
588 444 768 490 FIGVRATIO
789 444 920 488 Pursicl
941 443 1090 488 AVDITVS.
1342 428 1398 486 201

260 625 372 689 neque
390 600 519 667 etenim
537 599 706 686 quaedam
729 599 779 666 ita
798 605 980 664 moventur
1003 604 1043 664 ut
1061 605 1176 664 motus
1204 620 1275 664 888
1293 597 1402 685 perci·

260 729 392 818 piatur,
411 750 524 814 neque
541 750 611 793 una
630 726 812 815 dispositio
832 726 875 791 ad
891 726 995 792 aliam
1011 724 1272 812 dispositionem
1285 723 1402 811 potius

260 877 362 941 quam
383 854 426 921 ad
445 853 643 943 oppositum
663 876 734 919 esse
753 851 885 918 moveri
903 851 1048 918 dicenda
1066 860 1132 934 est,
1152 857 1187 916 et
1209 850 1285 937 ipsa
1304 849 1403 914 docet

258 979 471 1067 experientia
501 1002 609 1065 grave
638 1001 815 1064 quousque
846 977 987 1044 tandem
1013 976 1165 1062 quiescat
1189 998 1324 1041 sursum
1347 978 1403 1042 vel

214 1109 235 1173 5
258 1106 417 1172 deorsum
445 1105 598 1192 agitari);
629 1105 733 1172 tertio
761 1127 832 1169 888
862 1102 1030 1190 quaedam
1054 1124 1187 1190 semper
1216 1100 1347 1166 moveri
1366 1110 1401 1166 et

257 1232 325 1298 8118
341 1231 385 1297 ab
400 1231 449 1297 eis
461 1253 595 1318 semper
611 1230 783 1316 quiescere
796 1234 963 1313 (remanet
979 1228 1071 1293 enim
1087 1227 1237 1314 perfecte
1250 1233 1400 1310 auctum,

255 1381 319 1423 nec
330 1357 478 1444 amplius
492 1363 678 1442 generatur
693 1355 784 1442 quod
797 1363 849 1422 est
860 1354 1043 1441 genitum);
1058 1359 1180 1440 quarto
1192 1375 1264 1417 non
1282 1350 1398 1418 omnia

256 1481 441 1568 aliquando
460 1481 593 1548 moveri
616 1489 650 1548 et
673 1480 861 1567 aliquando
885 1479 1071 1566 quiescere;
1096 1485 1178 1545 sunt
1197 1478 1290 1544 enim
1309 1499 1396 1563 quae

256 1629 445 1693 numquam
464 1615 600 1674 cessant
619 1606 764 1690 moveri,
783 1613 818 1671 et
837 1627 923 1691 quae
942 1627 1131 1692 numquam
1156 1602 1395 1670 movebuntur.

752 1897 826 1942 Anu.
850 1898 896 1942 lx.

387 2018 538 2061 corollarium
553 2021 581 2062 de
596 2022 742 2062 distinetione
757 2033 834 2062 eorum
849 2033 907 2071 quac
922 2025 1041 2062 moventur
1054 2025 1122 2073 atque
1136 2024 1262 2072 quiescunt

343 2209 531 2295 Reliquum
561 2217 612 2275 881
645 2210 754 2296 igitur
783 2218 821 2276 ut
851 2210 1019 2295 quaedam
1043 2234 1177 2298 semper
1200 2212 1394 2297 quiescant,
1422 2220 1515 2282 42v

256 2334 422 2420 quaedam
439 2358 572 2421 semper
586 2343 803 2418 moveantur,
822 2336 988 2421 quaedam
1005 2335 1190 2421 aliquando
1204 2337 1392 2422 quiescant,

255 2459 440 2544 aliquando
459 2469 672 2527 moveantur.
689 2462 736 2527 Et
754 2484 871 2526 eorum
885 2483 971 2545 quae
983 2468 1176 2542 moventur,
1192 2462 1261 2527 8118
1278 2486 1339 2550 per
1359 2488 1394 2530 se

190 2581 231 2645 15
253 2584 323 2653 8118
340 2607 402 2672 per
421 2585 590 2668 accidenS,
611 2585 678 2651 8118
695 2609 714 2651 8
733 2609 769 2650 88
787 2585 872 2673 ipsis
891 2584 959 2651 8118
978 2585 1021 2651 ab
1038 2585 1119 2671 alic,
1139 2586 1207 2652 8118
1226 2589 1392 2654 naturali-

254 2719 307 2777 ter
326 2710 393 2776 alia
412 2710 590 2777 violenter.
604 2711 646 2776 In
661 2711 705 2777 iis
720 2734 801 2778 vero
816 2711 900 2776 haec
916 2734 1003 2797 quae
1019 2711 1189 2778 violenter
1204 2713 1394 2798 agitantur,

254 2843 450 2901 moventem
480 2860 554 2902 888
583 2836 687 2902 motis
711 2836 915 2903 distinctum
943 2843 1145 2924 agnoscunt.
1165 2837 1261 2903 Haec
1289 2839 1394 2904 etiam

254 2985 341 3048 quoe
364 2985 437 3028 888
467 2962 552 3050 ipsis
575 2970 776 3047 moventur,
807 2985 877 3028 non
897 2963 1083 3030 secundum
1103 2963 1194 3030 idem
1213 2975 1395 3032 moventur

254 3094 356 3174 atque
375 3094 524 3156 movent.
545 3088 675 3155 Gravia
689 3111 825 3175 quoque
840 3096 944 3175 atque
958 3089 1048 3155 18818
1069 3096 1205 3156 8888181
1222 3114 1243 3155 8
1259 3113 1295 3156 88
1309 3091 1394 3179 ipsis

186 3219 231 3283 20
254 3216 396 3281 minime
411 3216 553 3298 moveri;
568 3214 604 3280 id
619 3214 711 3280 enim
727 3215 959 3281 animatorum
975 3224 1027 3282 881
1042 3215 1221 3303 proprium
1232 3223 1267 3281 et
1277 3240 1394 3283 eoriun

255 3365 341 3428 qua-e
358 3364 420 3430 per
443 3365 516 3407 sese
535 3341 708 3427 quiescere
726 3341 832 3406 etiem
859 3349 1006 3428 possunt
1035 3348 1070 3407 81
1098 3342 1141 3407 ed
1163 3342 1279 3430 plures
1306 3344 1396 3430 posi·

256 3467 391 3532 tionum
409 3465 624 3531 differentias
647 3464 787 3531 moveri.
807 3465 888 3551 Ipsa
918 3472 999 3530 sunt
1018 3487 1106 3550 quae
1126 3465 1164 3529 in
1190 3489 1252 3553 per
1272 3490 1307 3532 se
1326 3490 1394 3533 mo-

254 3598 326 3656 tam
362 3598 466 3677 atque
493 3613 555 3678 per
583 3614 618 3656 se
647 3597 844 3657 moventem
871 3599 1006 3677 partam
1029 3590 1244 3658 dividuntur.
1266 3592 1395 3659 Gravia

253 3717 362 3803 igitur
380 3724 484 3802 atque
502 3716 610 3798 levia,
630 3716 703 3781 8188
723 3715 935 3805 inpotentia
953 3716 1149 3803 propinqua
1177 3717 1250 3782 sivo
1272 3719 1310 3783 in
1338 3742 1395 3805 po

186 3842 229 3907 25
254 3843 364 3908 188118
383 3850 514 3908 remota
537 3841 809 3923 considerentur,
836 3864 1025 3927 numquam
1048 3866 1120 3908 sese
1147 3844 1322 3908 moventia
1342 3843 1393 3909 in-

255 3968 442 4055 telligenda
461 3976 554 4052 sunt;
574 3974 751 4053 tamquam
767 3967 860 4033 enim
880 3967 1092 4055 inpotentia
1111 3977 1242 4034 remota
1256 3993 1276 4034 8
1294 3992 1395 4054 gene-

255 4103 369 4178 rante,
382 4101 560 4180 tamquam
570 4093 607 4159 18
617 4092 774 4180 potentia
786 4092 982 4180 propinqua
993 4117 1012 4158 8
1023 4095 1165 4160 tollente
1174 4095 1394 4182 prohibentia

250 4231 286 4289 et
305 4220 481 4287 obstacula
501 4219 697 4286 dimovente
716 4225 878 4305 aguntur.

345 4443 376 4494 12
391 4442 525 4509 Reliqum

386 4611 461 4651 Bauer
475 4613 529 4662 vpp.
543 4611 584 4649 181.
596 4610 618 4660 1,
629 4610 650 4652 1.
