3420 5190
442 412 477 457 ru
497 410 717 456 aroannurivu
737 410 780 454 ar
798 409 843 454 na
863 409 996 454 cracruo
1018 409 1211 456 ironnnuru.
1332 395 1392 454 229

252 591 306 632 me
341 567 538 633 existimavi
572 566 664 652 quod
697 565 813 631 virum
845 566 951 631 istum
981 564 1065 630 mihi
1101 588 1200 631 nosse
1231 565 1391 653 contigit,

254 693 413 779 quodque
429 692 608 757 divinitati
624 692 709 757 artis
727 691 829 756 huius
846 691 1069 776 quantumvis
1087 690 1288 777 inpropriis
1308 693 1394 776 (qui-

253 818 317 882 bus
334 841 404 884 uon
424 818 538 883 minus
555 817 632 903 capi
651 823 801 904 possum)
822 822 987 903 occupato
1004 816 1262 882 administrasse
1285 818 1392 883 licuit.

253 942 303 1006 Aa
335 942 419 1028 quid
448 943 490 1008 de
527 942 811 1029 occupationibus
839 941 917 1007 aliis
945 940 1216 1007 commeminisse
1245 949 1393 1029 oportet,

210 1063 230 1125 ἵ)
254 1091 341 1154 quae
361 1069 390 1133 si
409 1067 666 1154 philosophicae
690 1076 782 1149 sunt,
802 1072 837 1131 ct
853 1067 919 1131 ista
935 1066 978 1131 ad
995 1089 1112 1132 aarum
1137 1089 1274 1133 causam
1295 1072 1299 1153 Ι
1319 1091 1395 1154 por·
1418 1087 1449 1135 a
1462 1071 1516 1135 3ν

253 1194 365 1259 tinere
393 1198 614 1279 cognoscent,
638 1214 726 1277 quae
750 1191 917 1257 adverae
946 1190 1181 1278 philosophiae
1200 1214 1270 1257 non
1294 1193 1395 1258 modo

254 1318 588 1407 comprobationem,
615 1317 674 1382 sed
705 1325 739 1383 et
769 1317 812 1382 ad
842 1317 1080 1403 integritatem
1111 1324 1202 1382 corte
1234 1317 1395 1385 faciunt?

254 1445 358 1510 Mitto
390 1443 482 1529 quod
513 1444 618 1508 etiam
647 1443 676 1507 si
699 1443 744 1508 ad
771 1466 826 1507 me
850 1443 938 1508 nihil
962 1443 1029 1507 ista
1052 1450 1277 1530 spectassent,
1308 1443 1394 1511 invi·

254 1569 370 1650 diosus
400 1569 611 1654 minimeque
641 1568 793 1634 omnium
825 1568 969 1654 ingenui
999 1567 1108 1632 animi
1131 1568 1336 1653 extitissem,
1366 1570 1395 1633 si

191 1704 232 1766 10
255 1702 375 1760 contra
393 1717 511 1760 eorum
534 1694 696 1780 gratiam,
723 1715 868 1779 quorum
891 1693 1001 1778 magis
1025 1693 1189 1758 interesse
1205 1692 1354 1777 videtur,
1375 1719 1395 1761 a

254 1820 371 1884 debito
390 1820 582 1907 praesentis
601 1820 713 1906 operis
733 1818 925 1904 exequendi
944 1818 1226 1883 dissimulassem.

342 1945 394 2009 De
407 1945 542 2010 minimi
555 1945 764 2027 inventione,
779 1967 865 2029 quae
878 1944 915 2008 in
934 1944 1045 2031 primo
1058 1943 1196 2028 dialogo
1209 1952 1396 2032 pertracta-

254 2079 324 2152 tur,
342 2071 429 2135 nihil
448 2070 614 2135 hactenus
638 2071 833 2136 invenimus
857 2076 1043 2134 exaratum.
1061 2070 1112 2134 De
1132 2070 1260 2135 circino
1280 2079 1395 2138 autem

254 2195 386 2281 aliquid
409 2195 540 2260 editum
568 2203 674 2277 extat,
697 2195 790 2280 quod
817 2201 890 2281 (per
918 2218 1027 2259 meam
1058 2195 1173 2278 fidem)
1192 2204 1277 2262 tam·
1295 2198 1393 2283 rude,

189 2329 231 2393 15
253 2328 326 2386 tam
346 2343 508 2404 crassum,
528 2327 600 2385 tam
616 2324 774 2385 contorto
793 2319 925 2402 ordine,
944 2327 1016 2385 tam
1035 2319 1219 2405 ignorante
1238 2321 1396 2389 doctrina

255 2445 421 2532 scriptum
439 2453 591 2529 constat,
610 2453 651 2510 ut
668 2445 779 2532 ipsum
800 2451 891 2509 certe
910 2444 1041 2510 editum
1056 2453 1221 2533 tauquam
1238 2471 1308 2513 non
1328 2449 1395 2514 edi-

255 2576 330 2636 tum
350 2571 426 2637 ideo
447 2571 591 2658 quisque
610 2570 775 2635 facillime
788 2570 940 2636 iudicare
959 2578 1085 2658 posset,
1103 2573 1287 2657 quiaillud
1306 2574 1393 2641 idio-

254 2703 310 2761 tae
333 2697 479 2762 alicuius
511 2695 731 2760 industrioris
759 2697 815 2761 vel
839 2696 1082 2781 agrimensoris
1108 2699 1160 2762 vel
1185 2700 1395 2786 carpentarii

255 2844 419 2909 apparere
438 2819 524 2886 facit
547 2820 830 2902 instrumentum,
851 2821 942 2905 quod
961 2821 1066 2886 alicui
1084 2824 1199 2909 potius
1224 2847 1321 2888 erasus
1341 2824 1395 2889 vel

188 2950 232 3013 20
255 2947 442 3012 instinctus
461 2946 601 3030 quidam
620 2968 690 3011 non
711 2946 857 3011 errantis
882 2946 1147 3033 intelligentiae,
1167 2952 1225 3033 qui
1251 2950 1396 3014 rudiori-

254 3072 319 3137 bus
346 3071 544 3136 hominibus
575 3094 652 3136 oum
683 3071 794 3135 brutis
825 3072 913 3136 solet
946 3095 1017 3136 osso
1048 3075 1255 3157 communis,
1292 3098 1395 3160 quam

254 3196 476 3284 disciplinatu
500 3197 672 3282 vivaxque
689 3197 837 3283 (qualem
856 3197 892 3262 iu
912 3198 1106 3263 Mordeutio
1124 3200 1281 3283 coniicio)
1306 3201 1394 3266 ratio

254 3323 475 3407 suggesserit.

344 3448 420 3532 Ego
444 3447 567 3531 igitur,
588 3447 648 3532 qui
671 3470 740 3512 non
764 3470 874 3533 aequo
898 3448 1012 3514 auimo
1043 3450 1132 3515 l'orre
1156 3474 1293 3538 possum
1313 3451 1394 3516 hinc

188 3582 231 3646 ‘25
255 3596 309 3637 res
333 3595 476 3657 magnas
492 3571 703 3657 eximiasque
716 3595 777 3659 pro
793 3574 963 3659 dignitate
983 3576 1125 3641 minime
1139 3579 1294 3661 tractari,
1314 3577 1394 3643 iude

255 3722 336 3766 vero
356 3698 441 3763 viles
466 3704 568 3783 atque
585 3698 733 3784 pueriles
753 3699 757 3785 l
780 3699 983 3784 quisquilias
1003 3702 1178 3788 velutique
1195 3703 1306 3789 primo
1326 3727 1396 3769 ma-
1419 3720 1450 3771 a
1462 3711 1515 3772 4r

255 3823 471 3889 chiuantium
484 3846 666 3910 puerorum
681 3823 800 3889 deliria
815 3831 889 3911 (pro
904 3825 1030 3909 quibus
1042 3834 1096 3892 tot
1108 3827 1219 3893 editae
1240 3829 1393 3915 undique

253 3957 411 4037 perstant
429 3949 643 4015 voluminum
661 3949 845 4034 myriades)
862 3959 931 4015 tam
950 3952 1132 4035 magnifice
1152 3954 1188 4018 iu
1209 3955 1335 4020 cremis
1355 3955 1396 4020 do

254 4075 475 4160 suggestibus
508 4075 549 4139 de
585 4074 711 4139 mundo
748 4075 979 4162 triumphare,
1011 4078 1121 4165 ipsum
1158 4081 1394 4147 universarum

188 4209 233 4273 30
256 4200 530 4265 mechanicarum
562 4200 690 4265 artium
721 4210 842 4283 artem,
872 4203 909 4266 ui
939 4226 1001 4290 pro
1027 4205 1159 4271 moritis
1180 4205 1301 4293 ipsius,
1333 4232 1395 4294 pro

263 4376 401 4384 -...—.—
409 4378 414 4383 -
424 4378 526 4384 —-
539 4378 795 4385 ——-—.-—-—
805 4379 1224 4392 ⁴—————--.-—-.-—-
1232 4385 1389 4394 ——-

348 4474 380 4524 2⁸
396 4471 529 4523 miriades
