3420 5190
631 426 675 470 nn
695 425 880 471 nonnaurn
902 427 1042 474 cracmc.
1348 421 1408 478 249

260 585 294 644 et
320 579 523 667 simpliciter
539 581 764 669 absoluteque
781 582 908 648 falsum
927 607 999 649 esse
1023 585 1190 652 circinum
1210 587 1402 674 vulgarem;

260 706 537 792 quandoquidem
564 730 699 795 semper
722 709 902 796 magisque
929 709 1113 777 dilatatum
1129 719 1228 779 tanto
1258 714 1408 802 amplius

259 832 364 897 etiam
383 843 488 918 atque
510 833 659 920 amplius
684 835 792 900 soleat
811 835 849 900 in
868 835 980 902 medic
1005 837 1145 922 quidem
1165 839 1332 925 angulum
1349 841 1407 906 ob·

258 958 414 1042 trmdere‚
426 958 464 1024 in
475 959 712 1047 extrermitate
727 982 808 1025 vero
822 982 970 1047 eousque
986 983 1115 1045 acuere,
1129 968 1168 1027 ut
1181 963 1322 1030 tandem
1334 987 1404 1032 non
1432 964 1514 1026 14v
1598 1020 1600 1025 .
1674 990 1677 995 ·

215 1084 386 1158 blineam
423 1085 482 1151 sed
513 1084 658 1172 planum
695 1085 894 1170 relinquant
929 1086 1172 1153 circumeundo
1207 1089 1404 1176 vestigium.

258 1209 379 1294 Longe
391 1209 513 1275 deinde
526 1209 912 1297 incomparabiliterque
928 1210 1039 1298 magis
1056 1212 1245 1279 conducere
1257 1214 1406 1298 videtur,

189 1320 195 1333 ⁹
259 1342 299 1400 ut
333 1334 383 1400 ita
413 1336 603 1422 composito
632 1335 864 1401 instrumento
892 1335 936 1401 ad
965 1337 1200 1423 operationem
1219 1338 1409 1427 expeditio

258 1482 333 1525 rem
352 1460 414 1526 fiat
433 1460 596 1544 accessi0,
618 1483 721 1546 quam
738 1460 947 1547 simpliciore
966 1467 1125 1547 certeque
1145 1461 1335 1530 infirmiore
1355 1464 1407 1531 in·

259 1592 453 1651 strumento
472 1585 517 1651 ad
536 1584 679 1652 eandem
696 1585 933 1673 multiplicem,
950 1587 1185 1673 compositam,
1199 1588 1406 1676 implicitam

195 1721 237 1783 10
260 1718 364 1796 atque
387 1711 597 1799 perplexam.
617 1711 766 1777 Proinde
790 1734 851 1798 per
870 1711 1038 1779 circinum
1061 1720 1219 1780 nostrum
1239 1717 1407 1803 operatio·

258 1837 313 1902 nis
331 1858 533 1924 progressus
557 1857 628 1902 non
652 1836 763 1903 solum
786 1836 996 1922 Euclidicos‚
1017 1838 1076 1903 sed
1099 1846 1134 1904 et
1157 1848 1309 1907 caeteros
1328 1843 1406 1909 uni·

257 1985 373 2029 versos
397 1962 483 2028 alios
513 1968 609 2028 tanto
640 1960 778 2047 longius
805 1962 995 2045 antecellit,
1028 1971 1157 2048 quanto
1185 1967 1406 2052 paucioribus

258 2087 394 2154 actibus
413 2096 517 2173 atque
536 2086 750 2152 facilioribus
767 2088 882 2153 omnia
906 2088 957 2153 ita
979 2096 1145 2174 praestet,
1171 2095 1209 2155 ut
1233 2090 1277 2156 ad
1296 2091 1407 2158 cuius-

258 2236 404 2298 cumque
437 2213 567 2307 figuraq
606 2212 891 2279 constitutionem
923 2214 1125 2301 peregrinas
1154 2214 1263 2282 lineas
1293 2239 1405 2303 neque

195 2342 236 2408 15
259 2339 377 2425 exigat
399 2361 512 2424 neque
527 2338 565 2403 in
583 2338 688 2424 plano
707 2337 813 2403 faciat
826 2360 978 2424 unquam
997 2362 1171 2426 apparere.
1183 2340 1275 2418 Quid
1291 2341 1405 2407 enim?

257 2463 319 2530 Vis
350 2463 387 2529 in
416 2463 498 2529 data
526 2463 618 2529 linea
648 2462 864 2548 triangulum
894 2464 1144 2550 aequilaterum
1173 2466 1403 2533 constituere?

257 2589 413 2677 Dispcne
437 2588 521 2655 duos
546 2609 724 2655 cursorum
753 2587 798 2654 ad
826 2589 938 2655 lineae
961 2588 1062 2656 datae
1084 2590 1341 2676 longitudinem
1370 2599 1405 2658 et

258 2722 416 2781 centrum
445 2713 590 2780 tertium
609 2722 857 2799 consequenter
874 2723 1043 2801 punctum
1062 2715 1261 2802 designabit
1288 2715 1404 2803 illum,

257 2863 364 2927 aquo
388 2841 432 2907 ad
455 2840 540 2906 duaa
564 2839 799 2905 extremitates
823 2840 950 2927 duplex
974 2841 1020 2906 sit
1043 2841 1198 2907 ducenda
1218 2842 1321 2909 linea.
1341 2844 1404 2912 Vis

190 2975 235 3037 ‘20
257 2966 301 3032 ad
328 2967 447 3032 datum
475 2970 644 3052 punctum
672 2964 772 3030 datae
795 2972 908 3032 rectae
935 2965 1048 3032 lineae
1071 2968 1249 3052 aequalem
1273 2976 1403 3035 rectam

257 3091 384 3157 lineam
419 3091 567 3156 ducere?
600 3090 692 3156 Loca
724 3098 881 3157 centrum
914 3115 1016 3179 super
1048 3093 1266 3159 extremitate
1290 3093 1402 3160 lineae

257 3223 331 3304 (pro
369 3216 491 3282 maiori
531 3217 786 3300 commoditate)
819 3216 1085 3304 propinquiore,
1118 3240 1295 3304 unumque
1327 3242 1401 3286 cur·

257 3364 373 3408 sorum
402 3364 505 3429 super
534 3342 603 3407 alia
626 3351 661 3407 et
691 3341 836 3408 alterum
875 3365 977 3430 super
1005 3342 1086 3409 dato
1115 3351 1260 3430 punct0‚
1285 3344 1401 3431 sicque

257 3467 462 3555 dispositum
479 3467 646 3533 circinum
662 3469 864 3552 convertito,
877 3477 916 3534 ut
929 3490 1046 3534 cursor
1060 3468 1201 3535 maioris
1216 3469 1328 3537 lineae
1347 3493 1401 3536 ac-

189 3596 233 3661 25
257 3593 363 3680 cipiat
384 3596 388 3679 l
408 3598 577 3681 punctum
588 3593 767 3678 datum‚et
785 3594 873 3659 alter
886 3594 1150 3662 commodiorem
1162 3595 1274 3661 lineae
1293 3604 1401 3662 extre·
1426 3597 1506 3660 152

258 3721 414 3786 mitatem
443 3719 605 3807 accipiat;
636 3726 793 3786 centrum
829 3720 1020 3786 necessario
1050 3721 1198 3786 alterum
1233 3729 1401 3808 punctum

257 3846 429 3929 ostendet,
456 3868 476 3911 a
508 3867 575 3931 quo
603 3845 647 3910 ad
674 3845 793 3911 datum
824 3854 992 3933 punctum
1022 3845 1173 3912 trahitur
1202 3847 1295 3912 linea
1314 3870 1401 3934 quae

258 3971 495 4059 quaerebatur.
513 3970 574 4035 Vis
593 3969 683 4035 datis
703 3970 835 4037 dualnis
855 3971 955 4037 lineis
975 3971 1215 4056 inaequalibus
1234 3995 1254 4038 a
1278 3973 1401 4039 maiori

257 4097 425 4162 minorem
437 4096 615 4182 aequalem
631 4095 852 4161 abscindere?
865 4096 1115 4182 Adaequentur
1128 4097 1195 4163 duo
1211 4098 1315 4186 primi
1328 4122 1400 4165 our·

190 4224 234 4289 30
257 4246 348 4289 sores
364 4221 503 4305 minori,
524 4221 666 4288 secundi
686 4243 765 4286 vero
785 4221 920 4306 maiori,
941 4230 980 4287 ut
999 4221 1122 4288 deinde
1146 4223 1304 4289 secundis
1323 4247 1399 4291 cur-

350 4476 380 4525 21
398 4475 614 4538 oxtraemitate,
628 4475 668 4524 25.
678 4474 711 4524 26
727 4472 956 4525 extraemitatom
970 4470 1147 4525 ariarilmmte
1161 4474 1263 4525 altrore

389 4587 466 4628 Bucar
483 4588 539 4638 opp.
554 4588 595 4626 lat.
611 4587 634 4638 1,
649 4587 669 4627 t.
1212 4587 1238 4630 88
