3420 5190
470 430 583 474 smmi
603 428 822 474 nanninoavn
843 426 1154 473 nmammsmonvn.
1344 409 1381 469 ‘17

242 586 379 653 dumet
402 585 605 674 patiendum
629 587 700 652 sint
724 585 926 673 composita3
945 607 1080 652 rursum
1104 592 1139 650 et
1161 584 1289 669 figuras
1308 582 1383 649 uni·

243 711 366 798 cuique
384 711 542 799 proprias
561 719 666 797 atque
683 710 811 777 formas
827 710 1023 797 insculpsit,
1040 707 1234 796 inscripsit,
1254 706 1381 773 insevit

242 842 277 901 et
295 836 469 924 appinxit,
485 837 576 903 unde
591 836 769 924 superficie
784 843 886 903 tenus
898 842 998 902 tanta
1012 857 1129 901 rerum
1144 833 1293 901 varietas
1308 839 1384 898 tum

242 969 406 1047 mentem,
425 968 500 1029 tum
520 985 658 1029 sensnm
677 963 878 1029 universum
896 963 1012 1029 valeat
1031 961 1212 1029 oblectare.

576 1248 621 1314 X.
646 1250 829 1314 Porsnnm.
848 1247 913 1312 XI.
937 1247 1060 1313 Acrvs.
1383 1307 1385 1311 ,
1408 1244 1518 1308 476
1534 1241 1575 1307 G

330 1478 424 1544 Hinc
442 1478 524 1545 licet
544 1479 638 1547 illius
667 1479 955 1567 omnipotentiam
984 1482 1149 1567 activam,
1170 1504 1238 1569 qua
1266 1483 1383 1550 omnia

243 1609 325 1667 sunt
353 1602 533 1690 producta,
571 1613 749 1692 vegetant,
786 1605 924 1690 vivunt,
962 1614 1162 1693 moventur,
1196 1608 1384 1696 inspicere,

244 1727 305 1794 ubi
324 1729 453 1816 omnia,
473 1736 640 1819 tanquam
658 1729 823 1797 inferiora
842 1731 905 1798 sub
925 1754 993 1798 nno
1010 1732 1124 1799 activo
1137 1733 1311 1822 principio
1331 1758 1386 1801 su·

243 1853 377 1940 periore
409 1854 582 1942 ordinata,
618 1862 854 1944 exponuntur,
891 1856 1140 1942 subiiciuntur,
1174 1859 1383 1944 assentiunt,
1444 1888 1453 1900 ·

179 1979 222 2044 10
244 1978 508 2067 adstipulantur,
524 1980 699 2064 obediunt,
714 1982 785 2048 ulla
801 1982 929 2068 absque
945 1968 1230 2067 contradictione,
1242 2006 1312 2050 non
1324 1984 1387 2050 ali-

244 2112 297 2172 ter
316 2128 420 2191 quam
442 2107 555 2173 lutum
579 2107 642 2173 sub
666 2130 770 2173 manu
789 2108 899 2194 figuli,
921 2107 1055 2194 lignum
1080 2109 1143 2175 sub
1167 2131 1273 2176 manu
1292 2108 1385 2176 fabri

244 2230 400 2316 lignarii,
425 2237 459 2296 et
482 2253 707 2319 unaquaeque
730 2233 874 2298 materia
898 2233 1065 2321 disposita
1083 2243 1135 2301 est
1158 2236 1222 2302 sub
1245 2240 1326 2303 voto
1350 2241 1385 2301 et

245 2355 464 2422 definiltione
486 2357 618 2446 proprii
642 2357 789 2446 opificis;
821 2382 888 2445 qua
922 2366 1037 2426 stante
1071 2360 1162 2426 inter
1191 2361 1384 2448 potentiam
1410 2364 1546 2429 ’73Μ
1557 2345 1561 2352 ’

244 2480 340 2547 illam
368 2481 518 2548 activam
546 2489 650 2569 atquc
684 2483 774 2549 hanc
804 2483 978 2572 passivam
1010 2484 1191 2570 relatione,
1222 2492 1384 2574 respectu

179 2608 221 2672 15
245 2614 348 2695 atque
372 2629 539 2673 consensu
562 2608 718 2695 sequitur
741 2608 808 2675 ista
831 2610 1034 2696 entelechia,
1068 2611 1134 2677 isto
1167 2618 1280 2696 actus,
1299 2612 1384 2678 haec

244 2732 400 2820 apprime
419 2733 700 2799 commendabilis
724 2735 926 2802 constitutio
948 2736 987 2801 in
1005 2736 1166 2803 universo
1190 2743 1225 2802 et
1248 2737 1285 2802 in
1310 2759 1387 2824 par·

244 2858 339 2924 tibus
355 2858 516 2924 universi.

662 3093 745 3158 XII.
769 3094 970 3159 Pnanncnio.

333 3336 428 3414 Quae
447 3337 562 3403 omnia
586 3337 635 3402 ita
664 3343 745 3403 sunt
774 3336 976 3421 constituta,
996 3343 1036 3402 ut
1065 3336 1187 3403 melius
1214 3360 1285 3402 non
1313 3335 1383 3403 ullo

177 3459 222 3525 20
243 3468 344 3549 pacto
364 3461 527 3527 constitui
546 3461 681 3550 possint
705 3468 739 3527 et
762 3461 930 3546 ordinari,
951 3461 1088 3548 quando
1111 3461 1298 3548 unicuique
1321 3485 1385 3550 pro

244 3610 305 3652 sua
324 3588 515 3674 capacitate
538 3596 573 3653 et
591 3587 750 3676 propriae
774 3587 899 3675 speciei
923 3586 1135 3670 conditione,
1159 3610 1222 3676 pro
1246 3595 1385 3673 natura,

243 3714 387 3796 virtute,
422 3713 572 3798 actione,
608 3713 837 3801 susceptione,
868 3712 1091 3796 formatione,
1120 3711 1302 3779 duratione
1333 3721 1385 3779 est

244 3839 442 3925 elargitum,
456 3838 733 3926 quandoquidem
749 3862 791 3904 ex
807 3838 1065 3905 conditionibus
1081 3839 1244 3904 materiae
1257 3839 1385 3905 subiec-

243 3973 299 4031 tae
315 3972 390 4031 tum
409 3965 596 4032 secundum
610 3964 771 4052 speciem,
791 3972 866 4031 tum
880 3964 1065 4031 secundum
1080 3987 1276 4047 numerum,
1296 3964 1384 4030 nihil

177 4100 221 4163 25
245 4099 297 4158 ost
317 4090 408 4177 quod
431 4113 451 4157 a
476 4113 649 4178 quoquam
668 4090 778 4178 possit
797 4091 852 4155 vel
870 4090 976 4176 digno
994 4089 1100 4155 adimi
1123 4090 1179 4155 vel
1202 4089 1306 4175 digne
1325 4112 1385 4178 ap·

244 4218 339 4306 poni,
360 4217 457 4282 iuxta
481 4239 582 4303 quem
606 4240 743 4282 sensum
766 4215 896 4281 dictum
921 4222 973 4281 est
996 4238 1017 4281 a
1040 4215 1147 4298 Mose,
1171 4215 1288 4281 omnia
1311 4238 1384 4281 esse

336 4415 351 4464 7
367 4418 539 4477 vegetantur
557 4428 681 4479 correype
697 4413 743 4478 (cs.
760 4428 789 4476 p.
812 4411 854 4470 73,
866 4411 912 4471 24)
932 4408 956 4459 G
1018 4410 1087 4472 9rr1.
1102 4408 1284 4476 adsentiunt,
1299 4409 1385 4463 adsti-

243 4498 381 4567 pulantur
396 4496 420 4544 (l
483 4497 523 4545 25.
537 4497 569 4545 2ss
585 4494 690 4562 apponi
706 4493 742 4541 G:
758 4491 863 4559 opponi
876 4489 908 4541 M
