3420 5190
471 433 584 477 svnnu
604 433 824 479 rasuruouvu
845 431 1158 477 usrlrursmoevn.
1344 418 1383 477 97

238 590 457 679 simplicitas
482 589 599 655 unitas
622 599 657 655 et
681 589 865 673 absoluti0,
889 589 940 654 ita
963 611 1074 674 neque
1094 589 1200 654 situm
1223 589 1277 655 illi
1300 589 1382 655 lieet

237 717 427 784 attribuere
447 715 658 803 quempiam3
683 715 742 781 sed
758 738 861 802 super
880 737 1016 780 omnem
1040 714 1147 779 situm
1167 714 1318 781 existens
1337 715 1381 781 si·

237 850 292 910 tus
316 842 422 908 situm
441 841 544 907 rebus
567 841 704 924 indicit,
724 840 830 906 efficit
853 848 888 906 et
904 845 1097 924 conservat,
1118 840 1380 928 dispositionem

236 992 359 1056 nempe
383 967 485 1033 rebus
505 966 752 1054 corporalibus,
774 989 876 1052 quern
899 966 1056 1031 videmus
1075 965 1119 1031 ab
1138 965 1233 1031 illius
1257 966 1378 1032 volun-

191 1099 212 1161 5
235 1102 308 1160 tate
324 1100 359 1158 et
374 1091 527 1158 efficacia
542 1092 739 1180 provenire,
764 1098 976 1177 cognoscunt
997 1091 1000 1179 l
1022 1113 1149 1156 omnes.
1176 1090 1270 1156 Situs
1299 1113 1381 1178 ergo
1406 1102 1516 1166 493
1531 1101 1572 1168 G

234 1220 272 1284 in
295 1241 334 1285 eo
358 1224 410 1284 est
433 1223 601 1303 tanquam
621 1218 658 1283 in
676 1217 850 1305 principio
869 1217 997 1303 active,
1016 1240 1087 1283 non
1111 1222 1227 1282 autem
1250 1217 1381 1283 subies
1406 1227 1478 1292 96
1490 1230 1545 1293 Μ

234 1344 319 1428 tivo,
344 1341 631 1429 quemadmodum
656 1348 691 1407 et
725 1364 843 1407 omnes
867 1364 954 1428 quae
973 1342 1134 1429 propriae
1157 1350 1239 1407 sunt
1263 1363 1379 1429 corpo-

234 1469 330 1535 ribus
354 1428 631 1534 et⁰mu1tisudini
655 1467 864 1533 affectiones.
889 1465 989 1544 Quod
1012 1489 1094 1532 vero
1118 1466 1306 1553 prophetae
1326 1466 1379 1531 illi

235 1594 384 1689 oculum,
397 1592 565 1675 dextram,
585 1592 702 1680 pedes,
720 1615 831 1677 auree,
849 1598 953 1680 caput
973 1597 1007 1657 et
1026 1591 1154 1657 similia
1170 1591 1379 1674 attribuunt,

169 1729 211 1792 10
235 1742 382 1805 moxque
409 1726 512 1801 stare,
538 1719 668 1802 sedere,
699 1740 854 1806 surgere,
879 1718 1057 1802 inclinari,
1082 1718 1166 1784 satis
1196 1718 1378 1803 vulgatum

233 1852 285 1911 est
309 1845 598 1931 quemadmodum
626 1844 858 1932 metaphorice
877 1867 938 1932 per
956 1843 1041 1910 haee
1060 1843 1302 1930 significentur
1326 1867 1378 1911 co-

232 1969 360 2056 gnitio,
378 1970 546 2057 operati0,
564 1969 834 2057 superastantia,
854 1991 1050 2035 succurrere
1070 1970 1186 2053 rebus,
1203 1991 1376 2056 reparare,

234 2118 364 2161 cessare
380 2119 400 2160 a
416 2096 623 2182 quibusdam
642 2095 837 2178 effectibus;
852 2118 923 2162 non
944 2095 1024 2181 quia
1043 2095 1080 2160 in
1100 2095 1175 2182 ipso
1196 2095 1266 2160 sint
1291 2095 1378 2160 istae

233 2220 385 2288 actuales
409 2221 625 2288 differentiae
641 2222 696 2288 vol
720 2222 806 2287 istae
835 2222 1059 2305 mutationes,
1088 2220 1148 2287 sed
1170 2220 1293 2286 harum
1313 2219 1378 2285 dif-

168 2346 458 2417 inferentiarum
486 2347 647 2414 activitas
678 2353 713 2412 et
741 2347 944 2432 efficientia,
971 2369 1037 2433 qua
1062 2348 1174 2434 ipsum
1198 2345 1299 2412 modo
1327 2369 1377 2411 re-

233 2497 310 2539 rum
333 2474 433 2540 nobis
457 2473 742 2560 cognoscibilium
765 2479 800 2538 et
825 2472 1040 2540 sensibilium
1060 2496 1095 2539 se
1111 2471 1237 2538 habero
1256 2493 1375 2537 sensus

231 2599 402 2667 humanus
421 2598 658 2688 apprehendit.

603 2848 748 2915 XLVII.
774 2846 1004 2914 Cominium.

321 3095 399 3182 lpse
428 3118 530 3182 snper
560 3118 696 3162 omnem
727 3096 896 3180 ordinem,
931 3119 1034 3184 super
1065 3118 1203 3164 omnem
1233 3100 1373 3183 seriem,

164 3226 209 3288 20
232 3221 343 3286 omnis
367 3219 466 3286 seriei
493 3230 527 3286 et
551 3222 681 3288 ordinis
710 3230 843 3306 auctor,
873 3221 1005 3288 nnllam
1028 3223 1152 3310 recipit
1176 3247 1254 3290 cum
1272 3226 1376 3293 rebus

231 3369 318 3432 <quae
347 3346 389 3411 ab
425 3346 499 3434 ipso
523 3347 788 3434 proficiscuntur
816 3349 1117 3435 comparationem.
1150 3348 1253 3415 Mitto
1284 3351 1375 3436 quod

231 3470 322 3535 inter
344 3471 483 3536 finitum
511 3478 545 3536 et
572 3472 749 3537 infinitum
770 3473 869 3552 nulla
898 3480 949 3538 est
976 3474 1168 3561 proportio,
1193 3474 1252 3539 sed
1280 3499 1375 3562 prae·

231 3594 345 3660 dicata
373 3604 564 3681 quaesunt
588 3598 781 3663 communia
805 3598 883 3664 aliis
907 3607 1011 3684 atque
1030 3599 1096 3683 illi,
1117 3601 1207 3665 sicut
1226 3600 1374 3686 bonitas,

231 3720 430 3803 aeternitas,
455 3721 597 3804 veritae,
622 3743 693 3787 non
711 3723 859 3790 univoca
882 3725 1017 3791 ratione
1040 3726 1081 3791 de
1105 3725 1182 3791 aliis
1206 3735 1310 3812 atque
1334 3728 1375 3793 de

164 3850 208 3914 ‘25
233 3845 307 3932 ipso
324 3846 499 3930 dicuntur,
517 3847 590 3932 sed,
611 3849 700 3914 sieut
719 3856 898 3916 aeternum
921 3857 956 3916 et
976 3853 1215 3939 corruptibile,
1237 3853 1375 3919 finitum

231 3979 266 4035 et
290 3971 480 4056 infinitum,
506 3973 672 4039 differunt
699 3974 777 4062 plns
798 3998 900 4061 quum
919 4001 1052 4063 genere.
1079 3978 1177 4044 Sicut
1200 4002 1281 4064 ergo
1305 4002 1375 4044 non

232 4121 470 4184 comparamus
494 4099 677 4165 carbonem
697 4101 785 4185 nivi,
806 4101 958 4167 dicentes
977 4103 1068 4168 huuc
1092 4103 1280 4189 nigriorem
1300 4103 1374 4188 illa,

322 4338 339 4386 4
355 4354 468 4406 nempe,
484 4356 570 4406 quam
587 4341 675 4391 rebus
692 4343 890 4407 corporalibus
907 4343 1037 4394 videmus
1057 4345 1094 4394 G:
1113 4363 1128 4394 o
1142 4346 1208 4394 sard
1223 4345 1260 4394 da
1272 4352 1375 4395 amerel-

232 4424 286 4468 lere
306 4435 360 4468 rma
380 4420 479 4470 lacuna
497 4421 610 4471 iurumzi
627 4439 646 4471 α
663 4423 767 4488 quom?
830 4424 1124 4489 numerauimus,
1143 4425 1237 4479 (item)
1260 4441 1375 4477 succur-

232 4517 294 4553 rere
313 4501 337 4552 0
400 4505 430 4553 ll
448 4505 576 4555 actuales
593 4504 629 4554 0:
645 4505 764 4556 tituales
778 4504 809 4555 M
872 4508 903 4556 18
919 4506 1045 4557 XLVIII
1064 4506 1088 4557 G

365 4597 439 4637 lluuru
454 4599 508 4648 ΟΜ).
523 4600 563 4637 lat.
579 4599 601 4645 1,
614 4599 632 4638 t.
1192 4603 1215 4642 13
