3420 5190
245 340 285 406 36
685 356 825 417 ronoa'm
846 371 949 418 aaran

246 518 394 584 secundo
409 526 554 609 propter
572 544 746 589 successus
769 531 804 590 et
826 525 1140 612 praevaricationes
1159 527 1293 615 aliquos
1315 551 1391 617 per-

246 641 335 708 dere.
355 643 510 710 Primum
529 668 639 732 genus
657 649 865 735 voluntatis,
885 650 977 735 quod
996 658 1048 717 est
1065 651 1238 738 generale,
1257 652 1391 720 indica-

245 769 388 855 torium,
414 770 632 857 edictorium,
657 773 818 861 proprius
842 797 862 841 a
885 774 986 841 nobis
1010 776 1205 863 appellatur
1226 777 1390 844 voluntas

246 893 352 980 signi,
373 917 460 980 quae
479 919 549 963 non
568 897 689 963 definit
712 898 824 985 magis
843 899 887 965 ad
910 921 1061 966 amorem
1084 900 1185 967 istius
1207 901 1263 993 vel
1282 901 1392 986 illius3

201 1017 222 1082 5
247 1019 434 1087 secundum
452 1044 562 1108 genus
581 1022 777 1110 appellatur
794 1023 1012 1112 beneplaciti.

674 1293 771 1360 xvi.
795 1293 960 1360 anano.
1411 1246 1586 1402 {iffa

334 1525 472 1592 Relatio
502 1524 570 1589 alia
594 1528 646 1589 est
668 1523 950 1611 aequiparantias
974 1545 1034 1590 seu
1060 1522 1295 1609 aequalitatis,
1319 1524 1388 1591 alia

245 1648 514 1734 inaequalitatis,
534 1648 652 1714 Prima
671 1654 723 1714 est
741 1649 832 1715 inter
849 1649 959 1736 paria,
982 1649 1072 1715 sicut
1090 1648 1194 1714 amici
1210 1671 1288 1715 cum
1306 1647 1390 1747 ami·

243 1797 297 1859 cu,
318 1774 402 1840 socii
426 1797 504 1840 oum
528 1773 699 1858 consocio,
720 1773 813 1861 paris
833 1796 911 1840 cum
935 1796 1094 1862 compare
1112 1779 1147 1839 et
1165 1772 1285 1841 fratris
1309 1795 1388 1840 cum

179 1903 222 1968 10
244 1899 427 1965 confratre.
449 1898 713 1984 Inaequalitatis
729 1921 809 1965 vero
825 1898 971 1965 relativa
990 1904 1085 1984 sunt,
1105 1899 1160 1964 vel
1176 1904 1216 1964 ut
1235 1900 1387 1987 superio·

243 2046 321 2090 rum
339 2024 383 2091 acl
402 2022 580 2107 inferiora,
606 2030 646 2088 ut
670 2023 803 2089 domini
819 2023 1028 2108 adeersum,
1048 2022 1208 2110 magistri
1226 2022 1269 2089 ad
1289 2023 1388 2090 disci·

242 2149 379 2237 pulum,
395 2149 506 2236 patris
524 2148 568 2214 ad
585 2149 708 2232 filium;
729 2148 785 2214 vel
797 2154 836 2213 ut
854 2146 1059 2214 inferiorum
1078 2146 1123 2213 ad
1143 2147 1332 2235 superiora,
1348 2154 1388 2215 ut

243 2274 387 2340 minoris
406 2273 450 2340 ad
469 2274 594 2357 maius,
614 2272 750 2338 dimidii
769 2272 813 2338 ad
831 2278 958 2359 totum,
978 2272 1080 2360 pauci
1100 2272 1143 2338 ad
1162 2272 1320 2339 multum.

332 2399 486 2464 Rursum
498 2398 644 2464 relativa
660 2398 728 2464 alia
747 2398 868 2463 dicunt
882 2397 1123 2463 habitudinem
1139 2398 1334 2464 naturalem
1352 2405 1387 2464 et

178 2532 220 2596 15
243 2524 463 2608 rationalem,
476 2523 565 2590 sicut
583 2523 785 2589 relationem
797 2522 960 2588 dicuntur
971 2522 1098 2589 habere
1109 2522 1222 2588 locata
1232 2522 1276 2589 ad
1286 2545 1386 2589 suum

241 2650 368 2735 locum,
388 2655 503 2737 partes
523 2648 566 2714 ad
590 2669 689 2715 suum
708 2653 835 2733 totum,
860 2669 979 2713 rursus
1002 2646 1216 2734 privationes
1244 2646 1289 2713 ad
1307 2669 1386 2715 suos

241 2774 395 2860 habitus,
421 2773 595 2841 contraria
618 2774 662 2840 ad
687 2773 878 2856 contraria,
901 2772 990 2839 siout
1013 2772 1154 2859 nigrum
1184 2772 1270 2838 dicit
1299 2771 1386 2839 rela-

242 2900 372 2965 tionem
393 2900 649 2966 contrarietatis
668 2897 713 2964 ad
736 2898 866 2982 album,
886 2897 946 2962 lux
969 2897 1014 2963 ad
1031 2897 1200 2963 tenebras.
1219 2896 1274 2963 Ita
1293 2897 1385 2963 enim

164 3023 167 3029 ’
242 3026 279 3090 in
299 3033 468 3112 conceptu
498 3025 664 3091 contrarii
695 3031 747 3090 est
775 3022 988 3089 contrarium
1015 3022 1205 3109 interdum,
1234 3022 1324 3089 sient
1347 3023 1385 3089 in

175 3157 219 3220 20
242 3151 344 3217 unius
363 3151 500 3216 relativi
515 3157 684 3238 conceptu
703 3150 859 3215 alterum.
877 3148 1052 3226 Quaedam
1072 3155 1153 3214 sunt
1171 3149 1317 3215 relativa
1337 3172 1386 3215 se·

243 3276 393 3341 cundum
417 3276 621 3341 relationem
644 3282 782 3341 tanturn
810 3281 845 3341 et
877 3296 948 3340 non
971 3274 1159 3340 secundum
1182 3296 1268 3357 rem,
1294 3274 1384 3341 sicut

242 3400 402 3467 dextrum
421 3406 456 3466 et
475 3400 669 3483 sinist-rum3
686 3400 804 3466 eadem
819 3399 911 3465 enim
931 3398 1103 3482 columna,
1123 3398 1311 3487 quaemihi
1333 3406 1385 3465 est

242 3525 377 3611 dextra,
394 3549 448 3591 me
471 3548 570 3592 verso
589 3527 629 3592 fit
648 3525 909 3608 sinist1·a;unde
931 3523 1016 3590 haec
1034 3524 1156 3591 relatio
1182 3548 1253 3591 non
1272 3532 1324 3590 est
1344 3548 1386 3591 ex

243 3658 369 3717 natura
387 3650 452 3735 rei,
473 3650 532 3716 sed
545 3673 586 3716 ex
604 3650 785 3739 positione.

176 3781 220 3845 25
330 3775 571 3841 Relativorum
590 3775 717 3841 iterum
740 3775 808 3841 alia
831 3781 913 3841 sunt
936 3773 1123 3840 secundum
1156 3774 1225 3841 dici
1254 3797 1313 3841 seu
1338 3796 1387 3841 sc·

243 3900 393 3966 cundum
412 3900 613 3985 dictionem,
629 3900 696 3966 alia
708 3899 895 3966 secundum
910 3923 982 3965 csse
1006 3922 1065 3965 sen
1075 3905 1246 3967 naturam.
1267 3901 1386 3966 Primo

243 4025 342 4092 modo
366 4024 512 4091 relativa
535 4032 632 4108 sunt,
658 4047 745 4111 quae
768 4048 809 4090 ex
833 4024 1019 4112 principali
1043 4025 1238 4110 significato
1261 4031 1387 4092 notant

249 4171 416 4179 ———-——
427 4173 451 4177 --
473 4174 504 4178 --
530 4174 560 4178 Α..
593 4174 641 4179 ...-.
663 4174 671 4178 .
687 4176 691 4180 .
706 4174 778 4180 -..-.
793 4172 1149 4179 ..--.-———----.————

335 4250 351 4298 3
367 4247 511 4316 proprius]
522 4250 612 4312 magis
622 4250 736 4312 proprio
748 4250 771 4297 (l
834 4248 850 4296 ὅ
868 4247 1043 4312 Boneplntici
1054 4247 1087 4296 Μ
1146 4250 1195 4298 8.9
1212 4249 1317 4298 amicis
1331 4248 1386 4297 fra·

244 4329 298 4378 tris
312 4329 348 4378 G:
363 4330 471 4380 amicus
485 4348 497 4379 c
511 4332 600 4380 frater
617 4329 668 4378 ΤΜ
715 4332 745 4379 10
762 4330 806 4379 vol
824 4335 856 4379 ut
871 4328 907 4378 G:
922 4328 1004 4378 velut
1021 4327 1078 4377 ΜΤ
1123 4330 1153 4377 19
1169 4329 1339 4394 contrararij
1355 4327 1388 4377 Μ

243 4410 274 4459 24
291 4410 470 4476 expositione
483 4410 513 4458 Μ
