3420 5190
484 420 597 470 svnuu
617 421 837 470 mmmnoavn
856 422 1168 471 nnrxrnrsrcomm.
1223 400 1226 404 ⁴
1357 406 1391 470 11

255 580 426 649 rationem
449 603 665 647 communem
685 588 719 647 et
738 582 944 665 absolutam,
964 582 1053 647 sicut
1076 581 1148 647 dies
1168 588 1202 647 et
1224 603 1294 647 nox
1313 605 1398 648 sem-

255 729 318 794 per
341 713 436 786 sunt,
457 712 533 772 tum
558 706 595 771 in
614 707 796 794 principiis
819 714 854 772 et
877 707 988 773 causis
1012 707 1200 774 secundum
1222 707 1393 772 vicissitu-

255 831 353 898 dines
381 855 474 898 nuuc
505 832 543 897 in
575 832 644 898 isto
672 855 767 898 nuno
803 832 841 898 in
869 832 929 899 illo
960 833 1224 921 hemisphaeria
1254 840 1329 900 tum
1358 833 1396 898 in

256 956 381 1023 effectu
399 957 565 1024 continuo
578 964 682 1042 atque
697 957 856 1045 perenni,
877 957 913 1022 in
932 958 999 1026 isto
1015 959 1147 1025 seilicet
1161 960 1217 1024 vel
1231 959 1268 1024 in
1288 958 1395 1024 altero

212 1081 233 1144 5
256 1081 519 1169 hemisphaerio.

346 1208 507 1274 Potentia
535 1209 603 1276 alia
629 1209 823 1294 rationalia,
851 1211 918 1277 alia
947 1210 1175 1276 irrationalis:
1200 1211 1326 1298 prima,
1356 1217 1396 1276 ut

257 1333 491 1420 concipiendi,
521 1333 777 1420 distinguendi,
805 1335 1018 1420 affirmandi,
1042 1336 1243 1421 definiendi,
1273 1336 1401 1402 discur-

257 1458 368 1541 rendi,
389 1459 539 1525 secunda
557 1460 626 1526 alia
642 1460 824 1544 naturalia
844 1468 879 1527 et
898 1460 981 1527 haec
1000 1461 1127 1548 duplex
1151 1462 1333 1547 (quaedam
1352 1485 1401 1527 se-

257 1584 409 1650 cundum
431 1585 580 1672 primam
603 1585 881 1673 dispositionem,
905 1608 993 1672 quae
1017 1595 1068 1652 est
1094 1587 1191 1653 iuxta
1215 1587 1400 1653 secundam

192 1712 235 1775 10
257 1710 405 1802 speciem
418 1711 611 1796 qualitatis,
624 1712 792 1798 quaedam
801 1712 989 1779 secundum
1004 1718 1270 1800 consequentem
1286 1712 1400 1800 dispo-

257 1837 430 1921 sitionem,
450 1859 539 1922 quae
555 1843 607 1903 est
619 1837 716 1903 iuxta
738 1838 741 1925 l
762 1838 911 1926 primam
935 1823 1115 1924 qualitatis
1138 1838 1314 1926 speciem),
1331 1838 1400 1905 alia
1424 1837 1584 1902 a'WM

256 1962 513 2047 mathematica,
534 1969 574 2028 ut
592 1962 704 2028 lineae
723 1963 960 2049 divisibilitas,
981 1965 1101 2030 circuli
1120 1964 1399 2052 tetragonismus.

258 2086 380 2153 Omnis
405 2089 542 2174 generis
569 2089 726 2176 potentia
757 2089 942 2176 dupliciter
973 2089 1085 2155 adhuc
1118 2089 1302 2177 accipitur:
1329 2111 1399 2154 uno

257 2220 373 2301 pacto,
401 2221 441 2279 ut
471 2213 700 2300 distinguitur
731 2221 852 2280 contra
878 2221 1007 2298 actum,
1034 2215 1078 2280 ad
1109 2236 1210 2300 quem
1234 2237 1269 2279 se
1295 2214 1401 2280 habet

193 2343 234 2407 15
259 2339 416 2422 relative;
435 2339 517 2423 alio,
538 2346 578 2404 ut
601 2339 831 2425 distinguitur
855 2346 975 2406 contra
998 2340 1240 2426 impotentiam
1255 2339 1312 2404 vel
1329 2361 1400 2405 non

257 2464 464 2552 potentiam,
485 2464 611 2549 quibus
631 2463 802 2530 contrarie
824 2466 880 2530 vol
899 2465 1072 2553 privative
1094 2465 1150 2530 vel
1174 2463 1401 2531 contradicto·

256 2589 307 2655 rie
335 2589 530 2677 opponitur.
547 2590 708 2654 Potentia
727 2590 839 2676 primo
852 2590 953 2656 modo
970 2589 1184 2676 quadruplex
1200 2595 1270 2655 est:
1286 2589 1399 2678 primo

257 2715 456 2797 entitativa,
479 2713 641 2780 videlicet
664 2736 732 2800 qua
760 2714 893 2800 aliquid
914 2721 1029 2803 potest
1059 2738 1146 2798 esse,
1174 2721 1215 2781 ut
1239 2714 1332 2805 filius
1356 2736 1398 2778 ex

258 2863 311 2905 me
331 2861 432 2925 quem
455 2837 609 2904 nondum
632 2839 751 2925 genui,
771 2839 920 2906 secundo
944 2840 1072 2923 activa,
1102 2862 1168 2925 qua
1187 2839 1320 2925 aliquid
1340 2861 1399 2926 po·

189 2969 234 3032 20
257 2971 325 3029 test
344 2964 469 3047 facere,
499 2970 538 3029 ut
564 2987 639 3029 mea
663 2987 732 3050 qua
755 2987 895 3052 possum
920 2987 1097 3051 generare3
1117 2964 1220 3031 tertio
1244 2964 1397 3052 passiva,

257 3112 325 3175 qua
341 3089 473 3175 aliquid
489 3095 603 3176 potest
626 3089 715 3176 pati,
739 3091 882 3173 moveri,
912 3090 1055 3177 agitari,
1082 3090 1223 3156 alterari
1247 3096 1294 3174 (et
1313 3089 1398 3154 haec

256 3221 308 3279 ost
329 3219 333 3300 Ι
353 3214 495 3302 duplex,
515 3213 705 3301 perfectiva
724 3216 868 3300 scilicet,
888 3217 977 3282 sicut
992 3216 1149 3303 potentia
1172 3238 1241 3301 qua
1265 3214 1398 3300 aliquid
1422 3214 1521 3279 421
1536 3214 1578 3281 G

257 3363 293 3404 se
311 3339 416 3405 habet
434 3340 478 3406 ad
496 3340 676 3427 proprium
695 3340 865 3423 accidens,
883 3347 922 3406 ut
941 3364 1060 3407 sensus
1078 3341 1121 3406 ad
1138 3340 1328 3423 sensibilia,
1349 3340 1400 3404 in-

256 3463 414 3529 tellectus
442 3463 486 3567 ad
509 3464 759 3551 intelligibilia,
784 3472 819 3529 et
842 3464 1069 3549 destructiva,
1094 3466 1183 3530 sicut
1213 3465 1331 3530 oculus
1355 3464 1398 3529 ad

189 3589 232 3653 25
257 3589 471 3674 caecitatem,
496 3589 584 3655 tibia
608 3589 652 3655 ad
677 3589 977 3674 claudicationem,
1002 3590 1100 3677 palea
1124 3589 1168 3656 ad
1191 3589 1399 3655 combustio-

257 3720 366 3797 nem);
396 3722 518 3799 quarto
548 3715 736 3804 receptiva,
768 3723 803 3780 et
829 3715 912 3780 haec
945 3721 997 3782 est
1026 3714 1254 3803 quadruplex,
1283 3715 1396 3802 prima

257 3840 353 3906 volut
387 3840 552 3906 materiae
577 3840 622 3905 ad
643 3840 789 3906 formam
817 3848 855 3907 ut
883 3840 1015 3907 dictum
1044 3847 1096 3905 est
1118 3840 1395 3923 substantialem,

257 3966 406 4032 secunda
433 3967 530 4032 velut
558 3966 707 4033 subiecti
743 3966 788 4032 ad
826 3966 999 4049 accidens,
1030 3966 1133 4032 sicuti
1162 3966 1318 4053 proxime
1348 3971 1400 4029 ost

257 4090 469 4176 distinctum,
480 4093 584 4158 tertia
596 4094 693 4158 velut
705 4093 772 4158 loci
784 4092 827 4158 ad
848 4096 852 4177 Ι
872 4093 1033 4177 locatum,
1045 4100 1169 4178 quarta
1180 4092 1276 4156 velut
1293 4091 1400 4156 totius
1425 4112 1456 4161 a
1466 4097 1520 4162 ’ἲν
1531 4100 1587 4161 Μ

189 4215 235 4278 30
257 4216 352 4302 (licet
369 4218 591 4306 improprius)
611 4217 655 4284 ad
667 4225 788 4283 totum.
800 4217 963 4282 Potentia
976 4217 1074 4283 iuxta
1091 4217 1209 4282 modos
1229 4215 1312 4281 istos
1332 4238 1400 4281 om-

349 4496 381 4546 30
397 4494 551 4562 improprio
566 4498 590 4543 d
