3420 5190
245 391 286 450 40
684 411 824 459 munem
844 411 946 460 numu
982 374 988 383 ⁴

245 568 489 649 contraquam
519 564 748 653 distinguitur
766 568 856 634 actio
881 590 968 654 quae
993 575 1045 634 est
1068 574 1166 633 actus
1189 567 1326 654 agentis
1349 567 1390 634 in

244 687 412 774 patiente,
432 695 467 757 et
484 689 550 758 hoc
567 698 670 779 pacto
684 698 736 758 est
754 692 792 759 in
811 691 879 759 alio
897 691 1176 780 praedicamento
1190 691 1341 781 proprie.

509 1012 611 1078 XIX.
636 1012 736 1080 Dina
759 1034 800 1080 nr
828 1013 912 1079 XX
936 1012 1119 1080 Aoonnna.

333 1305 424 1372 Dare
453 1311 489 1389 et
518 1305 673 1394 accipere
705 1305 877 1390 quoddam
907 1311 960 1372 est
987 1306 1176 1372 secundum
1205 1305 1389 1374 interiores

200 1427 221 1492 5
244 1429 444 1516 facultates,
472 1430 645 1517 quoddam
677 1430 864 1497 secundum
896 1431 1093 1498 exteriores.
1111 1430 1213 1499 Unde
1238 1430 1328 1498 dona
1352 1437 1388 1497 et

244 1561 385 1643 accepta
418 1555 586 1641 quaedam
622 1561 704 1622 sunt
741 1555 947 1636 intrinseca,
983 1554 1151 1642 quaedam
1184 1555 1386 1622 extrinseca.

244 1680 436 1746 Intrinseca
465 1687 560 1765 sunt,
586 1680 676 1746 sicut
702 1680 864 1766 virtutes,
888 1680 989 1766 vitia,
1018 1680 1195 1765 scientiae,
1224 1680 1384 1764 oonsilia3

245 1806 436 1871 extrinseca
464 1811 557 1888 sunt,
578 1804 668 1870 sicut
690 1804 780 1871 bona
804 1811 839 1870 et
862 1805 966 1889 mala,
986 1804 1145 1889 honores,
1166 1804 1328 1870 fortunae
1351 1810 1386 1871 et

245 1928 373 1995 similia
400 1928 467 2012 his,
496 1950 584 2013 quae
613 1935 694 1995 sunt
723 1930 813 1995 circa
839 1951 971 2017 corpus.
996 1929 1126 1996 Eorum
1146 1951 1234 2016 quae
1257 1929 1386 1995 dantur

179 2061 222 2124 10
244 2059 278 2118 et
312 2052 531 2140 accipiuntur
561 2051 728 2137 quaedam
751 2053 878 2120 dantur
907 2054 1104 2139 transitive,
1130 2053 1220 2120 siout
1248 2051 1385 2139 quando

243 2176 347 2243 datur
365 2200 461 2263 ager,
480 2176 618 2262 domus,
647 2200 733 2244 uxor
760 2185 794 2242 et
823 2178 963 2261 similia;
984 2178 1152 2264 quaedam
1183 2177 1311 2244 dantur
1334 2177 1386 2243 in-

243 2302 441 2387 transitive,
462 2301 552 2369 siout
570 2302 729 2388 scientia,
748 2303 810 2369 lux
828 2309 862 2368 et
886 2303 1021 2369 similia.
1040 2304 1168 2370 Postea
1183 2302 1266 2369 dare
1285 2325 1386 2389 quae-

243 2427 322 2493 dam
338 2427 501 2494 dicuntur
518 2428 670 2515 proprie,
692 2427 859 2513 quaedam
877 2427 1110 2516 metaphorice
1133 2426 1321 2494 secundum
1340 2427 1384 2493 si·

243 2552 489 2637 militudinem,
510 2553 599 2619 siout
617 2576 789 2620 venenum
804 2553 932 2619 dicitur
948 2553 1030 2619 dare
1048 2558 1208 2638 mortem,
1223 2551 1285 2619 lux
1303 2552 1385 2619 dare

177 2680 219 2746 15
242 2677 423 2761 laetitiam3
449 2678 493 2744 ad
517 2678 609 2765 quod
633 2701 743 2765 genus
773 2677 984 2744 reducuntur
1007 2699 1048 2743 ea
1071 2698 1159 2763 quae
1182 2677 1268 2744 dant
1294 2678 1385 2764 quod

242 2823 313 2867 non
342 2802 484 2886 habent,
508 2826 595 2888 quac
618 2802 802 2868 effundunt
821 2801 858 2867 in
881 2801 966 2868 alios
990 2801 1082 2888 quod
1109 2824 1180 2868 non
1198 2801 1329 2868 habent
1347 2803 1385 2868 in

242 2950 277 2991 se
296 2926 397 3013 ipsis,
418 2927 507 2993 sicut
523 2928 615 3014 ignis
635 2928 694 2992 dat
710 2927 779 3012 uri,
799 2927 873 3014 ipse
892 2934 1008 2992 tamon
1027 2948 1098 2992 non
1121 2927 1251 3012 uritur,
1270 2926 1384 3014 frigus

242 3052 430 3118 condensat
446 3075 584 3138 aquam,
605 3053 718 3139 ipsum
736 3059 854 3118 tamen
873 3074 944 3118 non
968 3051 1211 3136 condensatur,
1232 3052 1384 3119 scintilla

242 3177 399 3243 accendit
417 3200 581 3263 magnum
599 3177 729 3263 iguem,
750 3178 825 3265 ipsa
837 3186 954 3243 tamen
973 3199 1044 3243 non
1063 3183 1114 3242 est
1133 3200 1274 3264 magna,
1290 3199 1385 3244 mon·

175 3303 220 3366 20
241 3308 352 3369 strum
372 3302 477 3368 infert
501 3309 665 3368 terrorem
690 3303 779 3387 aliia,
802 3325 904 3388 quem
927 3302 965 3367 in
989 3325 1024 3368 se
1048 3301 1256 3368 nonhabet.
1282 3301 1384 3370 Unde

241 3426 429 3492 indiscreta
459 3434 510 3492 est
539 3426 599 3491 illa
626 3426 784 3511 loquutio
816 3425 960 3511 vulgata
983 3425 1098 3492 ‘nemo
1118 3426 1177 3492 dat
1201 3426 1294 3511 quod
1313 3449 1383 3491 non

241 3551 365 3616 habet?
382 3552 519 3639 Species
541 3574 762 3637 eorumquae
779 3550 907 3617 dantur
922 3557 1003 3617 sunt
1020 3551 1118 3617 iuxta
1134 3574 1315 3617 numerum
1327 3574 1385 3639 ge·

242 3699 376 3761 norum,
397 3677 557 3743 similiter
575 3699 692 3743 eornm
709 3677 767 3762 qui
779 3676 864 3742 dant
883 3686 918 3742 et
937 3700 1054 3743 eorum
1075 3676 1134 3762 qui
1153 3677 1330 3764 accipiunt
1349 3686 1384 3743 et

243 3824 329 3887 quae
345 3801 572 3889 accipiuntur.
593 3801 768 3878 Quaedam
788 3801 880 3867 cuim
899 3801 984 3867 dant
1003 3826 1088 3885 csse,
1110 3802 1277 3887 quaedam
1295 3803 1383 3869 veri-

176 3927 218 3990 ‘25
242 3931 365 4010 tatem,
383 3927 550 4010 ‹qrraedam
565 3926 621 4007 boi
632 3925 791 4010 nitatem,
817 3926 985 4012 (praedam
1008 3927 1220 4015 principium
1236 3933 1270 3994 et
1289 3928 1381 4016 prin·
1410 3939 1480 4005 32
1492 3940 1548 4003 M

243 4050 464 4137 cipiationem
487 4057 551 4118 etc.

247 4256 481 4263 ——..........„.
529 4255 574 4260 .-
602 4254 630 4258 -
651 4254 723 4259 --
745 4254 878 4260 -.---..-
905 4255 912 4259 -
970 4255 976 4259 .
1006 4255 1043 4259 ...
1087 4256 1123 4261 --.
1145 4256 1245 4261 ....„.„.
1269 4255 1381 4264 ...-

335 4376 348 4423 1
366 4372 461 4437 quam}
480 4387 563 4437 quom
584 4374 608 4422 G
670 4370 873 4422 &Extriusccd
894 4372 917 4421 Τ
976 4371 1007 4420 25
1024 4388 1061 4434 aq.
1080 4370 1330 4437 principiatiouom
1349 4373 1381 4422 T:

244 4450 483 4518 principationcm
496 4451 552 4502 ΜΟ
