<?xml version="1.0" encoding="UTF-8"?>
<!DOCTYPE html PUBLIC "-//W3C//DTD XHTML 1.0 Transitional//EN"
    "http://www.w3.org/TR/xhtml1/DTD/xhtml1-transitional.dtd">
<html xmlns="http://www.w3.org/1999/xhtml" xml:lang="en" lang="en">
 <head>
  <title>
</title>
<meta http-equiv="Content-Type" content="text/html;charset=utf-8" />
  <meta name='ocr-system' content='tesseract 3.04.00' />
  <meta name='ocr-capabilities' content='ocr_page ocr_carea ocr_par ocr_line ocrx_word'/>
</head>
<body>
  <div class='ocr_page' id='page_1' title='image "./jordanibruninol02brungoog_0051.png"; bbox 0 0 3420 5190; ppageno 0'>
   <div class='ocr_carea' id='block_1_1' title="bbox 681 386 945 435">
    <p class='ocr_par' dir='ltr' id='par_1_1' title="bbox 681 386 945 435">
     <span class='ocr_line' id='line_1_1' title="bbox 681 386 945 435; baseline 0.008 -4"><span class='ocrx_word' id='word_1_1' title='bbox 681 386 822 433; x_wconf 71' lang='lat' dir='ltr'><strong>rounam</strong></span> <span class='ocrx_word' id='word_1_2' title='bbox 842 387 945 435; x_wconf 76' lang='lat' dir='ltr'>BRVNI</span> 
     </span>
    </p>
   </div>
   <div class='ocr_carea' id='block_1_2' title="bbox 664 729 962 797">
    <p class='ocr_par' dir='ltr' id='par_1_2' title="bbox 664 729 962 797">
     <span class='ocr_line' id='line_1_2' title="bbox 664 729 962 797; baseline 0 0"><span class='ocrx_word' id='word_1_3' title='bbox 664 732 784 797; x_wconf 88' lang='lat' dir='ltr'>XXII.</span> <span class='ocrx_word' id='word_1_4' title='bbox 808 729 962 797; x_wconf 76' lang='lat' dir='ltr'><strong>Maurum</strong></span> 
     </span>
    </p>
   </div>
   <div class='ocr_carea' id='block_1_3' title="bbox 181 1018 1589 3861">
    <p class='ocr_par' dir='ltr' id='par_1_3' title="bbox 243 1018 1389 1357">
     <span class='ocr_line' id='line_1_3' title="bbox 332 1018 1388 1107; baseline 0.003 -23"><span class='ocrx_word' id='word_1_5' title='bbox 332 1019 485 1084; x_wconf 88' lang='lat' dir='ltr'><strong>Medium</strong></span> <span class='ocrx_word' id='word_1_6' title='bbox 516 1018 644 1085; x_wconf 88' lang='lat' dir='ltr'><strong>dieitur</strong></span> <span class='ocrx_word' id='word_1_7' title='bbox 674 1019 923 1107; x_wconf 82' lang='lat' dir='ltr'><strong>multiplieiter.</strong></span> <span class='ocrx_word' id='word_1_8' title='bbox 944 1019 1061 1085; x_wconf 89' lang='lat' dir='ltr'><strong>Primo</strong></span> <span class='ocrx_word' id='word_1_9' title='bbox 1092 1019 1184 1086; x_wconf 89' lang='lat' dir='ltr'><strong>enim</strong></span> <span class='ocrx_word' id='word_1_10' title='bbox 1212 1020 1388 1106; x_wconf 86' lang='lat' dir='ltr'><strong>signifieat</strong></span> 
     </span>
     <span class='ocr_line' id='line_1_4' title="bbox 243 1143 1389 1233; baseline -0.001 -21"><span class='ocrx_word' id='word_1_11' title='bbox 243 1167 344 1212; x_wconf 91' lang='lat' dir='ltr'><strong>omne</strong></span> <span class='ocrx_word' id='word_1_12' title='bbox 362 1144 463 1229; x_wconf 89' lang='lat' dir='ltr'><strong>illud,</strong></span> <span class='ocrx_word' id='word_1_13' title='bbox 483 1143 575 1230; x_wconf 91' lang='lat' dir='ltr'><strong>quod</strong></span> <span class='ocrx_word' id='word_1_14' title='bbox 593 1166 664 1210; x_wconf 92' lang='lat' dir='ltr'><strong>non</strong></span> <span class='ocrx_word' id='word_1_15' title='bbox 683 1150 736 1209; x_wconf 90' lang='lat' dir='ltr'><strong>est</strong></span> <span class='ocrx_word' id='word_1_16' title='bbox 753 1144 905 1233; x_wconf 89' lang='lat' dir='ltr'><strong>primum</strong></span> <span class='ocrx_word' id='word_1_17' title='bbox 924 1167 1036 1230; x_wconf 88' lang='lat' dir='ltr'><strong>neque</strong></span> <span class='ocrx_word' id='word_1_18' title='bbox 1048 1144 1224 1229; x_wconf 82' lang='lat' dir='ltr'><strong>ultimum,</strong></span> <span class='ocrx_word' id='word_1_19' title='bbox 1245 1144 1303 1210; x_wconf 89' lang='lat' dir='ltr'><strong>sed</strong></span> <span class='ocrx_word' id='word_1_20' title='bbox 1323 1168 1389 1212; x_wconf 88' lang='lat' dir='ltr'><strong>me·</strong></span> 
     </span>
     <span class='ocr_line' id='line_1_5' title="bbox 244 1268 1388 1357; baseline 0.001 -22"><span class='ocrx_word' id='word_1_21' title='bbox 244 1270 320 1336; x_wconf 91' lang='lat' dir='ltr'><strong>diae</strong></span> <span class='ocrx_word' id='word_1_22' title='bbox 339 1277 484 1336; x_wconf 87' lang='lat' dir='ltr'><strong>naturae</strong></span> <span class='ocrx_word' id='word_1_23' title='bbox 503 1275 537 1335; x_wconf 89' lang='lat' dir='ltr'><strong>et</strong></span> <span class='ocrx_word' id='word_1_24' title='bbox 560 1269 655 1335; x_wconf 90' lang='lat' dir='ltr'><strong>entia</strong></span> <span class='ocrx_word' id='word_1_25' title='bbox 679 1268 913 1357; x_wconf 81' lang='lat' dir='ltr'>appellantur,</span> <span class='ocrx_word' id='word_1_26' title='bbox 934 1275 1071 1357; x_wconf 86' lang='lat' dir='ltr'><strong>praeter</strong></span> <span class='ocrx_word' id='word_1_27' title='bbox 1095 1269 1248 1356; x_wconf 90' lang='lat' dir='ltr'><strong>primum</strong></span> <span class='ocrx_word' id='word_1_28' title='bbox 1271 1276 1388 1336; x_wconf 88' lang='lat' dir='ltr'><strong>actum</strong></span> 
     </span>
    </p>

    <p class='ocr_par' dir='ltr' id='par_1_4' title="bbox 202 1393 1589 1983">
     <span class='ocr_line' id='line_1_6' title="bbox 202 1393 1389 1483; baseline 0.002 -23"><span class='ocrx_word' id='word_1_29' title='bbox 202 1397 223 1460; x_wconf 80' lang='grc'>5</span> <span class='ocrx_word' id='word_1_30' title='bbox 245 1402 280 1462; x_wconf 92' lang='lat' dir='ltr'><strong>et</strong></span> <span class='ocrx_word' id='word_1_31' title='bbox 303 1395 479 1478; x_wconf 86' lang='lat' dir='ltr'><strong>ultimum,</strong></span> <span class='ocrx_word' id='word_1_32' title='bbox 502 1394 652 1481; x_wconf 82' lang='lat' dir='ltr'><strong>primam</strong></span> <span class='ocrx_word' id='word_1_33' title='bbox 676 1401 710 1459; x_wconf 88' lang='lat' dir='ltr'><strong>et</strong></span> <span class='ocrx_word' id='word_1_34' title='bbox 733 1394 892 1460; x_wconf 91' lang='lat' dir='ltr'><strong>ultimam</strong></span> <span class='ocrx_word' id='word_1_35' title='bbox 922 1395 1130 1483; x_wconf 82' lang='lat' dir='ltr'><strong>potentiam,</strong></span> <span class='ocrx_word' id='word_1_36' title='bbox 1149 1393 1237 1461; x_wconf 91' lang='lat' dir='ltr'><strong>illud</strong></span> <span class='ocrx_word' id='word_1_37' title='bbox 1265 1418 1389 1483; x_wconf 89' lang='lat' dir='ltr'><strong>nempe</strong></span> 
     </span>
     <span class='ocr_line' id='line_1_7' title="bbox 245 1518 1390 1606; baseline 0.001 -22"><span class='ocrx_word' id='word_1_38' title='bbox 245 1520 338 1605; x_wconf 91' lang='lat' dir='ltr'><strong>quod</strong></span> <span class='ocrx_word' id='word_1_39' title='bbox 356 1527 408 1585; x_wconf 88' lang='lat' dir='ltr'><strong>est</strong></span> <span class='ocrx_word' id='word_1_40' title='bbox 435 1519 473 1584; x_wconf 93' lang='lat' dir='ltr'><strong>in</strong></span> <span class='ocrx_word' id='word_1_41' title='bbox 493 1540 653 1606; x_wconf 87' lang='lat' dir='ltr'><strong>supremo</strong></span> <span class='ocrx_word' id='word_1_42' title='bbox 672 1519 783 1605; x_wconf 86' lang='lat' dir='ltr'><strong>gradu</strong></span> <span class='ocrx_word' id='word_1_43' title='bbox 802 1519 914 1586; x_wconf 80' lang='lat' dir='ltr'><strong>scalae</strong></span> <span class='ocrx_word' id='word_1_44' title='bbox 931 1526 1076 1586; x_wconf 88' lang='lat' dir='ltr'><strong>naturae</strong></span> <span class='ocrx_word' id='word_1_45' title='bbox 1099 1525 1134 1585; x_wconf 89' lang='lat' dir='ltr'><strong>et</strong></span> <span class='ocrx_word' id='word_1_46' title='bbox 1156 1518 1286 1584; x_wconf 71' lang='lat' dir='ltr'><strong>infimo,</strong></span> <span class='ocrx_word' id='word_1_47' title='bbox 1307 1519 1390 1586; x_wconf 81' lang='lat' dir='ltr'><strong>Mox</strong></span> 
     </span>
     <span class='ocr_line' id='line_1_8' title="bbox 244 1643 1388 1732; baseline -0.001 -21"><span class='ocrx_word' id='word_1_48' title='bbox 244 1644 396 1711; x_wconf 87' lang='lat' dir='ltr'><strong>medium</strong></span> <span class='ocrx_word' id='word_1_49' title='bbox 408 1643 536 1709; x_wconf 85' lang='lat' dir='ltr'><strong>dicitnr</strong></span> <span class='ocrx_word' id='word_1_50' title='bbox 557 1643 594 1708; x_wconf 92' lang='lat' dir='ltr'><strong>in</strong></span> <span class='ocrx_word' id='word_1_51' title='bbox 614 1667 821 1731; x_wconf 88' lang='lat' dir='ltr'><strong>unoquoque</strong></span> <span class='ocrx_word' id='word_1_52' title='bbox 839 1667 979 1731; x_wconf 79' lang='lat' dir='ltr'>genere,</span> <span class='ocrx_word' id='word_1_53' title='bbox 1000 1643 1092 1731; x_wconf 88' lang='lat' dir='ltr'><strong>quod</strong></span> <span class='ocrx_word' id='word_1_54' title='bbox 1111 1666 1182 1710; x_wconf 90' lang='lat' dir='ltr'><strong>non</strong></span> <span class='ocrx_word' id='word_1_55' title='bbox 1201 1650 1253 1710; x_wconf 89' lang='lat' dir='ltr'><strong>est</strong></span> <span class='ocrx_word' id='word_1_56' title='bbox 1271 1666 1388 1732; x_wconf 89' lang='lat' dir='ltr'><strong>supre-</strong></span> 
     </span>
     <span class='ocr_line' id='line_1_9' title="bbox 246 1769 1589 1857; baseline 0.005 -21"><span class='ocrx_word' id='word_1_57' title='bbox 246 1793 340 1836; x_wconf 91' lang='lat' dir='ltr'><strong>mum</strong></span> <span class='ocrx_word' id='word_1_58' title='bbox 358 1793 469 1857; x_wconf 87' lang='lat' dir='ltr'><strong>neque</strong></span> <span class='ocrx_word' id='word_1_59' title='bbox 488 1769 660 1855; x_wconf 88' lang='lat' dir='ltr'><strong>infimum,</strong></span> <span class='ocrx_word' id='word_1_60' title='bbox 688 1769 726 1835; x_wconf 91' lang='lat' dir='ltr'><strong>id</strong></span> <span class='ocrx_word' id='word_1_61' title='bbox 752 1776 803 1836; x_wconf 92' lang='lat' dir='ltr'><strong>est</strong></span> <span class='ocrx_word' id='word_1_62' title='bbox 823 1771 828 1856; x_wconf 69' lang='grc' dir='ltr'>Ι</span> <span class='ocrx_word' id='word_1_63' title='bbox 849 1793 961 1856; x_wconf 87' lang='lat' dir='ltr'><strong>neque</strong></span> <span class='ocrx_word' id='word_1_64' title='bbox 980 1769 1313 1836; x_wconf 81' lang='lat' dir='ltr'><strong>universalissimum</strong></span> <span class='ocrx_word' id='word_1_65' title='bbox 1333 1793 1390 1837; x_wconf 78' lang='lat' dir='ltr'><strong>ne</strong></span> <span class='ocrx_word' id='word_1_66' title='bbox 1415 1776 1529 1841; x_wconf 70' lang='lat'><strong>44&#39;7</strong></span> <span class='ocrx_word' id='word_1_67' title='bbox 1545 1776 1589 1843; x_wconf 86' lang='lat' dir='ltr'><strong><em>G</em></strong></span> 
     </span>
     <span class='ocr_line' id='line_1_10' title="bbox 246 1893 1390 1983; baseline 0.001 -22"><span class='ocrx_word' id='word_1_68' title='bbox 246 1918 312 1981; x_wconf 87' lang='lat' dir='ltr'><strong>que</strong></span> <span class='ocrx_word' id='word_1_69' title='bbox 328 1894 538 1983; x_wconf 81' lang='lat' dir='ltr'><strong>particulare</strong></span> <span class='ocrx_word' id='word_1_70' title='bbox 555 1917 615 1960; x_wconf 91' lang='lat' dir='ltr'><strong>seu</strong></span> <span class='ocrx_word' id='word_1_71' title='bbox 630 1893 862 1963; x_wconf 90' lang='lat' dir='ltr'><strong>individuum.</strong></span> <span class='ocrx_word' id='word_1_72' title='bbox 880 1895 1034 1962; x_wconf 87' lang='lat' dir='ltr'><strong>Rursum</strong></span> <span class='ocrx_word' id='word_1_73' title='bbox 1050 1895 1201 1961; x_wconf 89' lang='lat' dir='ltr'><strong>medium</strong></span> <span class='ocrx_word' id='word_1_74' title='bbox 1218 1895 1390 1980; x_wconf 88' lang='lat' dir='ltr'><strong>definitur,</strong></span> 
     </span>
    </p>

    <p class='ocr_par' dir='ltr' id='par_1_5' title="bbox 181 2020 1394 2609">
     <span class='ocr_line' id='line_1_11' title="bbox 181 2020 1394 2107; baseline -0.002 -19"><span class='ocrx_word' id='word_1_75' title='bbox 181 2024 224 2087; x_wconf 89' lang='lat'><strong>10</strong></span> <span class='ocrx_word' id='word_1_76' title='bbox 247 2021 476 2106; x_wconf 88' lang='lat' dir='ltr'><strong>quodcunque</strong></span> <span class='ocrx_word' id='word_1_77' title='bbox 494 2026 631 2107; x_wconf 75' lang='lat' dir='ltr'><strong>oportet</strong></span> <span class='ocrx_word' id='word_1_78' title='bbox 653 2020 750 2107; x_wconf 88' lang='lat' dir='ltr'><strong>prius</strong></span> <span class='ocrx_word' id='word_1_79' title='bbox 772 2020 921 2087; x_wconf 88' lang='lat' dir='ltr'><strong>transire</strong></span> <span class='ocrx_word' id='word_1_80' title='bbox 941 2043 1045 2107; x_wconf 91' lang='lat' dir='ltr'><strong>quarn</strong></span> <span class='ocrx_word' id='word_1_81' title='bbox 1063 2020 1183 2088; x_wconf 83' lang='lat' dir='ltr'><strong>veniat</strong></span> <span class='ocrx_word' id='word_1_82' title='bbox 1212 2020 1257 2087; x_wconf 92' lang='lat' dir='ltr'><strong>ad</strong></span> <span class='ocrx_word' id='word_1_83' title='bbox 1284 2027 1394 2086; x_wconf 84' lang='lat' dir='ltr'><strong>extre·</strong></span> 
     </span>
     <span class='ocr_line' id='line_1_12' title="bbox 246 2145 1392 2234; baseline -0.002 -20"><span class='ocrx_word' id='word_1_84' title='bbox 246 2170 354 2230; x_wconf 90' lang='lat' dir='ltr'><strong>mum;</strong></span> <span class='ocrx_word' id='word_1_85' title='bbox 374 2147 429 2213; x_wconf 91' lang='lat' dir='ltr'><strong>vel</strong></span> <span class='ocrx_word' id='word_1_86' title='bbox 448 2169 510 2234; x_wconf 91' lang='lat' dir='ltr'><strong>per</strong></span> <span class='ocrx_word' id='word_1_87' title='bbox 529 2145 621 2232; x_wconf 91' lang='lat' dir='ltr'><strong>quod</strong></span> <span class='ocrx_word' id='word_1_88' title='bbox 640 2145 684 2210; x_wconf 92' lang='lat' dir='ltr'><strong>ad</strong></span> <span class='ocrx_word' id='word_1_89' title='bbox 699 2152 891 2212; x_wconf 81' lang='lat' dir='ltr'><strong>extremum</strong></span> <span class='ocrx_word' id='word_1_90' title='bbox 909 2147 1130 2234; x_wconf 88' lang='lat' dir='ltr'><strong>pervenimus</strong></span> <span class='ocrx_word' id='word_1_91' title='bbox 1149 2146 1205 2213; x_wconf 87' lang='lat' dir='ltr'><strong>vel</strong></span> <span class='ocrx_word' id='word_1_92' title='bbox 1224 2154 1392 2232; x_wconf 85' lang='lat' dir='ltr'><strong>tanquam</strong></span> 
     </span>
     <span class='ocr_line' id='line_1_13' title="bbox 246 2270 1393 2361; baseline -0.001 -23"><span class='ocrx_word' id='word_1_93' title='bbox 246 2272 419 2361; x_wconf 86' lang='lat' dir='ltr'><strong>perviam</strong></span> <span class='ocrx_word' id='word_1_94' title='bbox 441 2271 498 2336; x_wconf 87' lang='lat' dir='ltr'><strong>vel</strong></span> <span class='ocrx_word' id='word_1_95' title='bbox 520 2277 688 2356; x_wconf 88' lang='lat' dir='ltr'><strong>tanquam</strong></span> <span class='ocrx_word' id='word_1_96' title='bbox 711 2293 773 2357; x_wconf 89' lang='lat' dir='ltr'><strong>per</strong></span> <span class='ocrx_word' id='word_1_97' title='bbox 803 2270 996 2354; x_wconf 87' lang='lat' dir='ltr'><strong>duetorem;</strong></span> <span class='ocrx_word' id='word_1_98' title='bbox 1022 2271 1078 2337; x_wconf 80' lang='lat' dir='ltr'><strong>vel</strong></span> <span class='ocrx_word' id='word_1_99' title='bbox 1105 2293 1168 2359; x_wconf 89' lang='lat' dir='ltr'><strong>per</strong></span> <span class='ocrx_word' id='word_1_100' title='bbox 1195 2270 1287 2356; x_wconf 90' lang='lat' dir='ltr'><strong>quod</strong></span> <span class='ocrx_word' id='word_1_101' title='bbox 1315 2293 1393 2338; x_wconf 88' lang='lat' dir='ltr'><strong>con-</strong></span> 
     </span>
     <span class='ocr_line' id='line_1_14' title="bbox 247 2395 1393 2484; baseline -0.002 -21"><span class='ocrx_word' id='word_1_102' title='bbox 247 2397 355 2463; x_wconf 90' lang='lat' dir='ltr'><strong>traria</strong></span> <span class='ocrx_word' id='word_1_103' title='bbox 385 2395 606 2480; x_wconf 79' lang='lat' dir='ltr'><strong>cohabitant,</strong></span> <span class='ocrx_word' id='word_1_104' title='bbox 637 2395 727 2461; x_wconf 87' lang='lat' dir='ltr'><strong>sieut</strong></span> <span class='ocrx_word' id='word_1_105' title='bbox 751 2395 866 2461; x_wconf 89' lang='lat' dir='ltr'><strong>anima</strong></span> <span class='ocrx_word' id='word_1_106' title='bbox 886 2418 973 2481; x_wconf 89' lang='lat' dir='ltr'><strong>quae</strong></span> <span class='ocrx_word' id='word_1_107' title='bbox 997 2402 1049 2462; x_wconf 89' lang='lat' dir='ltr'><strong>est</strong></span> <span class='ocrx_word' id='word_1_108' title='bbox 1072 2395 1274 2484; x_wconf 83' lang='lat' dir='ltr'><strong>incorporea</strong></span> <span class='ocrx_word' id='word_1_109' title='bbox 1298 2395 1393 2462; x_wconf 91' lang='lat' dir='ltr'><strong>habi·</strong></span> 
     </span>
     <span class='ocr_line' id='line_1_15' title="bbox 247 2520 1393 2609; baseline -0.001 -21"><span class='ocrx_word' id='word_1_110' title='bbox 247 2529 300 2588; x_wconf 88' lang='lat' dir='ltr'><strong>tat</strong></span> <span class='ocrx_word' id='word_1_111' title='bbox 324 2544 402 2588; x_wconf 89' lang='lat' dir='ltr'><strong>oum</strong></span> <span class='ocrx_word' id='word_1_112' title='bbox 422 2543 562 2608; x_wconf 79' lang='lat' dir='ltr'><strong>corpore</strong></span> <span class='ocrx_word' id='word_1_113' title='bbox 581 2520 757 2586; x_wconf 85' lang='lat' dir='ltr'><strong>mediante</strong></span> <span class='ocrx_word' id='word_1_114' title='bbox 775 2526 900 2586; x_wconf 91' lang='lat' dir='ltr'><strong>natura</strong></span> <span class='ocrx_word' id='word_1_115' title='bbox 925 2520 1037 2586; x_wconf 89' lang='lat' dir='ltr'><strong>media</strong></span> <span class='ocrx_word' id='word_1_116' title='bbox 1057 2527 1216 2606; x_wconf 89' lang='lat' dir='ltr'><strong>quaeest</strong></span> <span class='ocrx_word' id='word_1_117' title='bbox 1235 2521 1393 2609; x_wconf 90' lang='lat' dir='ltr'><strong>spiritus,</strong></span> 
     </span>
    </p>

    <p class='ocr_par' dir='ltr' id='par_1_6' title="bbox 182 2645 1392 3236">
     <span class='ocr_line' id='line_1_16' title="bbox 182 2645 1392 2735; baseline -0.001 -22"><span class='ocrx_word' id='word_1_118' title='bbox 182 2654 283 2720; x_wconf 78' lang='lat' dir='ltr'><strong>lbet</strong></span> <span class='ocrx_word' id='word_1_119' title='bbox 312 2646 456 2735; x_wconf 91' lang='lat' dir='ltr'><strong>spiritus</strong></span> <span class='ocrx_word' id='word_1_120' title='bbox 485 2645 603 2711; x_wconf 87' lang='lat' dir='ltr'><strong>haeret</strong></span> <span class='ocrx_word' id='word_1_121' title='bbox 637 2645 803 2711; x_wconf 87' lang='lat' dir='ltr'><strong>materiae</strong></span> <span class='ocrx_word' id='word_1_122' title='bbox 832 2645 1005 2728; x_wconf 82' lang='lat' dir='ltr'><strong>crassiori,</strong></span> <span class='ocrx_word' id='word_1_123' title='bbox 1036 2667 1160 2733; x_wconf 89' lang='lat' dir='ltr'><strong>nempe</strong></span> <span class='ocrx_word' id='word_1_124' title='bbox 1189 2647 1299 2730; x_wconf 82' lang='lat' dir='ltr'><strong>carni,</strong></span> <span class='ocrx_word' id='word_1_125' title='bbox 1329 2669 1392 2734; x_wconf 90' lang='lat' dir='ltr'><strong>per</strong></span> 
     </span>
     <span class='ocr_line' id='line_1_17' title="bbox 247 2770 1391 2860; baseline -0.003 -20"><span class='ocrx_word' id='word_1_126' title='bbox 247 2771 792 2860; x_wconf 84' lang='lat' dir='ltr'><strong>sanguinem.Propertionaliter</strong></span> <span class='ocrx_word' id='word_1_127' title='bbox 811 2772 919 2837; x_wconf 90' lang='lat' dir='ltr'><strong>estin</strong></span> <span class='ocrx_word' id='word_1_128' title='bbox 942 2770 997 2836; x_wconf 89' lang='lat' dir='ltr'><strong>his</strong></span> <span class='ocrx_word' id='word_1_129' title='bbox 1021 2793 1110 2857; x_wconf 90' lang='lat' dir='ltr'><strong>quae</strong></span> <span class='ocrx_word' id='word_1_130' title='bbox 1134 2772 1391 2838; x_wconf 82' lang='lat' dir='ltr'><strong>contrariantur</strong></span> 
     </span>
     <span class='ocr_line' id='line_1_18' title="bbox 247 2897 1392 2984; baseline -0.003 -17"><span class='ocrx_word' id='word_1_131' title='bbox 247 2899 435 2967; x_wconf 85' lang='lat' dir='ltr'><strong>secundum</strong></span> <span class='ocrx_word' id='word_1_132' title='bbox 459 2900 687 2980; x_wconf 81' lang='lat' dir='ltr'><strong>voluntatem,</strong></span> <span class='ocrx_word' id='word_1_133' title='bbox 711 2897 815 2962; x_wconf 89' lang='lat' dir='ltr'><strong>finem</strong></span> <span class='ocrx_word' id='word_1_134' title='bbox 844 2906 879 2962; x_wconf 90' lang='lat' dir='ltr'><strong>et</strong></span> <span class='ocrx_word' id='word_1_135' title='bbox 909 2897 1123 2982; x_wconf 85' lang='lat' dir='ltr'><strong>institutum,</strong></span> <span class='ocrx_word' id='word_1_136' title='bbox 1156 2921 1243 2984; x_wconf 90' lang='lat' dir='ltr'><strong>quae</strong></span> <span class='ocrx_word' id='word_1_137' title='bbox 1271 2921 1392 2965; x_wconf 87' lang='lat' dir='ltr'><strong>eonve-</strong></span> 
     </span>
     <span class='ocr_line' id='line_1_19' title="bbox 247 3022 1390 3112; baseline -0.002 -20"><span class='ocrx_word' id='word_1_138' title='bbox 247 3027 350 3092; x_wconf 89' lang='lat' dir='ltr'><strong>niunt</strong></span> <span class='ocrx_word' id='word_1_139' title='bbox 368 3048 430 3112; x_wconf 89' lang='lat' dir='ltr'><strong>per</strong></span> <span class='ocrx_word' id='word_1_140' title='bbox 453 3024 713 3089; x_wconf 76' lang='lat' dir='ltr'><strong>intercessorem</strong></span> <span class='ocrx_word' id='word_1_141' title='bbox 737 3031 771 3087; x_wconf 87' lang='lat' dir='ltr'><strong>et</strong></span> <span class='ocrx_word' id='word_1_142' title='bbox 795 3022 1019 3088; x_wconf 87' lang='lat' dir='ltr'><strong>mediatorem</strong></span> <span class='ocrx_word' id='word_1_143' title='bbox 1027 3047 1034 3107; x_wconf 93' lang='lat'>;</span> <span class='ocrx_word' id='word_1_144' title='bbox 1059 3023 1142 3088; x_wconf 89' lang='lat' dir='ltr'><strong>item</strong></span> <span class='ocrx_word' id='word_1_145' title='bbox 1166 3023 1259 3089; x_wconf 89' lang='lat' dir='ltr'><strong>inter</strong></span> <span class='ocrx_word' id='word_1_146' title='bbox 1290 3048 1390 3111; x_wconf 87' lang='lat' dir='ltr'><strong>agen-</strong></span> 
     </span>
     <span class='ocr_line' id='line_1_20' title="bbox 247 3147 1389 3236; baseline -0.001 -20"><span class='ocrx_word' id='word_1_147' title='bbox 247 3159 317 3217; x_wconf 91' lang='lat' dir='ltr'><strong>tem</strong></span> <span class='ocrx_word' id='word_1_148' title='bbox 338 3162 372 3215; x_wconf 85' lang='lat' dir='ltr'><strong>et</strong></span> <span class='ocrx_word' id='word_1_149' title='bbox 390 3150 426 3215; x_wconf 87' lang='lat' dir='ltr'><strong>id</strong></span> <span class='ocrx_word' id='word_1_150' title='bbox 446 3147 538 3236; x_wconf 90' lang='lat' dir='ltr'><strong>quod</strong></span> <span class='ocrx_word' id='word_1_151' title='bbox 562 3148 615 3231; x_wconf 81' lang='lat' dir='ltr'><strong>fit,</strong></span> <span class='ocrx_word' id='word_1_152' title='bbox 641 3171 700 3212; x_wconf 79' lang='lat' dir='ltr'><strong>seu</strong></span> <span class='ocrx_word' id='word_1_153' title='bbox 723 3148 911 3213; x_wconf 88' lang='lat' dir='ltr'><strong>terminum</strong></span> <span class='ocrx_word' id='word_1_154' title='bbox 937 3149 1083 3214; x_wconf 83' lang='lat' dir='ltr'><strong>actionis</strong></span> <span class='ocrx_word' id='word_1_155' title='bbox 1103 3148 1158 3214; x_wconf 87' lang='lat' dir='ltr'><strong>vel</strong></span> <span class='ocrx_word' id='word_1_156' title='bbox 1181 3149 1389 3235; x_wconf 81' lang='lat' dir='ltr'><strong>subiectum,</strong></span> 
     </span>
    </p>

    <p class='ocr_par' dir='ltr' id='par_1_7' title="bbox 181 3273 1391 3610">
     <span class='ocr_line' id='line_1_21' title="bbox 181 3273 1391 3363; baseline -0.001 -20"><span class='ocrx_word' id='word_1_157' title='bbox 181 3287 225 3349; x_wconf 77' lang='lat'><strong>‘20</strong></span> <span class='ocrx_word' id='word_1_158' title='bbox 247 3277 376 3343; x_wconf 89' lang='lat' dir='ltr'><strong>mediat</strong></span> <span class='ocrx_word' id='word_1_159' title='bbox 400 3276 475 3363; x_wconf 88' lang='lat' dir='ltr'><strong>ipsa</strong></span> <span class='ocrx_word' id='word_1_160' title='bbox 499 3274 590 3340; x_wconf 85' lang='lat' dir='ltr'><strong>aetio</strong></span> <span class='ocrx_word' id='word_1_161' title='bbox 610 3296 667 3338; x_wconf 89' lang='lat' dir='ltr'><strong>seu</strong></span> <span class='ocrx_word' id='word_1_162' title='bbox 692 3273 806 3339; x_wconf 85' lang='lat' dir='ltr'><strong>fluxus</strong></span> <span class='ocrx_word' id='word_1_163' title='bbox 826 3274 980 3359; x_wconf 85' lang='lat' dir='ltr'><strong>quidam,</strong></span> <span class='ocrx_word' id='word_1_164' title='bbox 1001 3274 1090 3340; x_wconf 84' lang='lat' dir='ltr'><strong>sieut</strong></span> <span class='ocrx_word' id='word_1_165' title='bbox 1109 3274 1391 3342; x_wconf 81' lang='lat' dir='ltr'><strong>interdicentem</strong></span> 
     </span>
     <span class='ocr_line' id='line_1_22' title="bbox 247 3397 1390 3482; baseline -0.002 -14"><span class='ocrx_word' id='word_1_166' title='bbox 247 3411 282 3468; x_wconf 89' lang='lat' dir='ltr'><strong>et</strong></span> <span class='ocrx_word' id='word_1_167' title='bbox 300 3402 431 3467; x_wconf 85' lang='lat' dir='ltr'><strong>dietum</strong></span> <span class='ocrx_word' id='word_1_168' title='bbox 458 3399 586 3464; x_wconf 87' lang='lat' dir='ltr'><strong>mediat</strong></span> <span class='ocrx_word' id='word_1_169' title='bbox 611 3398 767 3482; x_wconf 77' lang='lat' dir='ltr'><strong>verbum,</strong></span> <span class='ocrx_word' id='word_1_170' title='bbox 797 3397 889 3463; x_wconf 90' lang='lat' dir='ltr'><strong>inter</strong></span> <span class='ocrx_word' id='word_1_171' title='bbox 920 3406 1107 3465; x_wconf 81' lang='lat' dir='ltr'><strong>ereo-torem</strong></span> <span class='ocrx_word' id='word_1_172' title='bbox 1134 3408 1168 3465; x_wconf 88' lang='lat' dir='ltr'><strong>et</strong></span> <span class='ocrx_word' id='word_1_173' title='bbox 1197 3409 1390 3468; x_wconf 87' lang='lat' dir='ltr'><strong>ereaturam</strong></span> 
     </span>
     <span class='ocr_line' id='line_1_23' title="bbox 247 3522 1086 3610; baseline -0.007 -16"><span class='ocrx_word' id='word_1_174' title='bbox 247 3527 377 3594; x_wconf 85' lang='lat' dir='ltr'><strong>mediat</strong></span> <span class='ocrx_word' id='word_1_175' title='bbox 395 3526 539 3591; x_wconf 80' lang='lat' dir='ltr'><strong>verbum</strong></span> <span class='ocrx_word' id='word_1_176' title='bbox 558 3546 620 3610; x_wconf 91' lang='lat' dir='ltr'><strong>per</strong></span> <span class='ocrx_word' id='word_1_177' title='bbox 640 3522 731 3608; x_wconf 88' lang='lat' dir='ltr'><strong>quod</strong></span> <span class='ocrx_word' id='word_1_178' title='bbox 751 3522 867 3588; x_wconf 90' lang='lat' dir='ltr'><strong>omnia</strong></span> <span class='ocrx_word' id='word_1_179' title='bbox 883 3523 976 3588; x_wconf 87' lang='lat' dir='ltr'><strong>faeta</strong></span> <span class='ocrx_word' id='word_1_180' title='bbox 995 3531 1086 3588; x_wconf 91' lang='lat' dir='ltr'><strong>sunt.</strong></span> 
     </span>
    </p>

    <p class='ocr_par' dir='ltr' id='par_1_8' title="bbox 247 3647 1558 3861">
     <span class='ocr_line' id='line_1_24' title="bbox 336 3647 1558 3737; baseline -0.001 -20"><span class='ocrx_word' id='word_1_181' title='bbox 336 3650 489 3717; x_wconf 85' lang='lat' dir='ltr'><strong>Medium</strong></span> <span class='ocrx_word' id='word_1_182' title='bbox 517 3656 568 3714; x_wconf 87' lang='lat' dir='ltr'><strong>est</strong></span> <span class='ocrx_word' id='word_1_183' title='bbox 602 3649 742 3735; x_wconf 83' lang='lat' dir='ltr'><strong>duplex:</strong></span> <span class='ocrx_word' id='word_1_184' title='bbox 778 3647 949 3732; x_wconf 86' lang='lat' dir='ltr'><strong>quoddam</strong></span> <span class='ocrx_word' id='word_1_185' title='bbox 989 3672 1050 3735; x_wconf 88' lang='lat' dir='ltr'><strong>per</strong></span> <span class='ocrx_word' id='word_1_186' title='bbox 1086 3649 1390 3737; x_wconf 81' lang='lat' dir='ltr'><strong>participationem</strong></span> <span class='ocrx_word' id='word_1_187' title='bbox 1416 3666 1489 3730; x_wconf 87' lang='lat'><strong>34</strong></span> <span class='ocrx_word' id='word_1_188' title='bbox 1502 3669 1558 3732; x_wconf 85' lang='lat' dir='ltr'><strong><em>M</em></strong></span> 
     </span>
     <span class='ocr_line' id='line_1_25' title="bbox 247 3771 1391 3861; baseline -0.001 -19"><span class='ocrx_word' id='word_1_189' title='bbox 247 3776 427 3861; x_wconf 87' lang='lat' dir='ltr'><strong>utriusque</strong></span> <span class='ocrx_word' id='word_1_190' title='bbox 443 3773 600 3856; x_wconf 78' lang='lat' dir='ltr'><strong>extremi,</strong></span> <span class='ocrx_word' id='word_1_191' title='bbox 622 3773 712 3838; x_wconf 83' lang='lat' dir='ltr'><strong>sic-ut</strong></span> <span class='ocrx_word' id='word_1_192' title='bbox 723 3771 879 3860; x_wconf 87' lang='lat' dir='ltr'><strong>tepidum</strong></span> <span class='ocrx_word' id='word_1_193' title='bbox 896 3780 947 3838; x_wconf 88' lang='lat' dir='ltr'><strong>est</strong></span> <span class='ocrx_word' id='word_1_194' title='bbox 966 3773 1117 3839; x_wconf 84' lang='lat' dir='ltr'><strong>medium</strong></span> <span class='ocrx_word' id='word_1_195' title='bbox 1130 3774 1221 3840; x_wconf 85' lang='lat' dir='ltr'><strong>inter</strong></span> <span class='ocrx_word' id='word_1_196' title='bbox 1241 3775 1391 3841; x_wconf 80' lang='lat' dir='ltr'><strong>calidum</strong></span> 
     </span>
    </p>
   </div>
   <div class='ocr_carea' id='block_1_4' title="bbox 180 3897 1391 3988">
    <p class='ocr_par' dir='ltr' id='par_1_9' title="bbox 180 3897 1391 3988">
     <span class='ocr_line' id='line_1_26' title="bbox 180 3897 1391 3988; baseline -0.001 -21"><span class='ocrx_word' id='word_1_197' title='bbox 180 3910 224 3973; x_wconf 73' lang='lat'><strong>‘25</strong></span> <span class='ocrx_word' id='word_1_198' title='bbox 248 3910 282 3966; x_wconf 87' lang='lat' dir='ltr'><strong>et</strong></span> <span class='ocrx_word' id='word_1_199' title='bbox 301 3900 484 3987; x_wconf 78' lang='lat' dir='ltr'><strong>frigidum,</strong></span> <span class='ocrx_word' id='word_1_200' title='bbox 504 3897 718 3985; x_wconf 84' lang='lat' dir='ltr'><strong>participans</strong></span> <span class='ocrx_word' id='word_1_201' title='bbox 731 3897 772 3962; x_wconf 88' lang='lat' dir='ltr'><strong>de</strong></span> <span class='ocrx_word' id='word_1_202' title='bbox 784 3904 944 3983; x_wconf 86' lang='lat' dir='ltr'><strong>utroque;</strong></span> <span class='ocrx_word' id='word_1_203' title='bbox 966 3899 1138 3983; x_wconf 86' lang='lat' dir='ltr'><strong>quoddam</strong></span> <span class='ocrx_word' id='word_1_204' title='bbox 1157 3923 1238 3966; x_wconf 69' lang='lat' dir='ltr'><strong>vero</strong></span> <span class='ocrx_word' id='word_1_205' title='bbox 1259 3909 1310 3966; x_wconf 84' lang='lat' dir='ltr'><strong>est</strong></span> <span class='ocrx_word' id='word_1_206' title='bbox 1330 3924 1391 3988; x_wconf 88' lang='lat' dir='ltr'><strong>per</strong></span> 
     </span>
    </p>
   </div>
   <div class='ocr_carea' id='block_1_5' title="bbox 247 4022 1393 4111">
    <p class='ocr_par' dir='ltr' id='par_1_10' title="bbox 247 4022 1393 4111">
     <span class='ocr_line' id='line_1_27' title="bbox 247 4022 1393 4111; baseline -0.001 -18"><span class='ocrx_word' id='word_1_207' title='bbox 247 4026 479 4093; x_wconf 79' lang='lat' dir='ltr'><strong>exclusionem</strong></span> <span class='ocrx_word' id='word_1_208' title='bbox 498 4024 679 4108; x_wconf 85' lang='lat' dir='ltr'><strong>utriusque</strong></span> <span class='ocrx_word' id='word_1_209' title='bbox 699 4022 858 4106; x_wconf 79' lang='lat' dir='ltr'><strong>extremi,</strong></span> <span class='ocrx_word' id='word_1_210' title='bbox 879 4023 966 4089; x_wconf 85' lang='lat' dir='ltr'><strong>siout</strong></span> <span class='ocrx_word' id='word_1_211' title='bbox 980 4031 1150 4111; x_wconf 80' lang='lat' dir='ltr'><strong>punctum</strong></span> <span class='ocrx_word' id='word_1_212' title='bbox 1170 4032 1221 4091; x_wconf 87' lang='lat' dir='ltr'><strong>est</strong></span> <span class='ocrx_word' id='word_1_213' title='bbox 1240 4026 1393 4092; x_wconf 86' lang='lat' dir='ltr'><strong>medium</strong></span> 
     </span>
    </p>
   </div>
   <div class='ocr_carea' id='block_1_6' title="bbox 247 4148 1392 4237">
    <p class='ocr_par' dir='ltr' id='par_1_11' title="bbox 247 4148 1392 4237">
     <span class='ocr_line' id='line_1_28' title="bbox 247 4148 1392 4237; baseline -0.002 -19"><span class='ocrx_word' id='word_1_214' title='bbox 247 4154 340 4218; x_wconf 88' lang='lat' dir='ltr'><strong>inter</strong></span> <span class='ocrx_word' id='word_1_215' title='bbox 366 4152 451 4217; x_wconf 69' lang='lat' dir='ltr'><strong>eluas</strong></span> <span class='ocrx_word' id='word_1_216' title='bbox 476 4151 601 4234; x_wconf 84' lang='lat' dir='ltr'><strong>lineas,</strong></span> <span class='ocrx_word' id='word_1_217' title='bbox 622 4149 713 4235; x_wconf 86' lang='lat' dir='ltr'><strong>quod</strong></span> <span class='ocrx_word' id='word_1_218' title='bbox 743 4148 899 4214; x_wconf 85' lang='lat' dir='ltr'><strong>neutrius</strong></span> <span class='ocrx_word' id='word_1_219' title='bbox 929 4164 980 4215; x_wconf 83' lang='lat' dir='ltr'><strong>ost</strong></span> <span class='ocrx_word' id='word_1_220' title='bbox 999 4150 1297 4237; x_wconf 65' lang='lat' dir='ltr'><strong>participativunn</strong></span> <span class='ocrx_word' id='word_1_221' title='bbox 1322 4175 1392 4217; x_wconf 89' lang='lat' dir='ltr'><strong>non</strong></span> 
     </span>
    </p>
   </div>
   <div class='ocr_carea' id='block_1_7' title="bbox 347 4440 1068 4498">
    <p class='ocr_par' dir='ltr' id='par_1_12' title="bbox 347 4440 1068 4498">
     <span class='ocr_line' id='line_1_29' title="bbox 347 4440 1068 4498; baseline 0.001 -8"><span class='ocrx_word' id='word_1_222' title='bbox 347 4443 361 4490; x_wconf 71' lang='lat' dir='ltr'><strong>l</strong></span> <span class='ocrx_word' id='word_1_223' title='bbox 377 4448 406 4492; x_wconf 85' lang='lat' dir='ltr'><strong>et</strong></span> <span class='ocrx_word' id='word_1_224' title='bbox 422 4440 539 4498; x_wconf 80' lang='lat' dir='ltr'><strong>(media)</strong></span> <span class='ocrx_word' id='word_1_225' title='bbox 555 4440 633 4491; x_wconf 84' lang='lat' dir='ltr'><strong>entia</strong></span> <span class='ocrx_word' id='word_1_226' title='bbox 648 4440 670 4490; x_wconf 86' lang='lat' dir='ltr'><strong><em>G</em></strong></span> <span class='ocrx_word' id='word_1_227' title='bbox 734 4441 766 4490; x_wconf 75' lang='lat' dir='ltr'><strong>aa</strong></span> <span class='ocrx_word' id='word_1_228' title='bbox 783 4440 882 4493; x_wconf 86' lang='lat' dir='ltr'><strong>(Item)</strong></span> <span class='ocrx_word' id='word_1_229' title='bbox 901 4440 1025 4491; x_wconf 85' lang='lat' dir='ltr'><strong>medium</strong></span> <span class='ocrx_word' id='word_1_230' title='bbox 1045 4440 1068 4491; x_wconf 84' lang='lat' dir='ltr'>G</span> 
     </span>
    </p>
   </div>
   <div class='ocr_carea' id='block_1_8' title="bbox 0 0 1719 5190">
    <p class='ocr_par' dir='ltr' id='par_1_13' title="bbox 0 0 1719 5190">
     <span class='ocr_line' id='line_1_30' title="bbox 0 0 1719 5190; baseline 0 0"><span class='ocrx_word' id='word_1_231' title='bbox 0 0 1719 5190; x_wconf 95' lang='lat' dir='ltr'><strong> </strong></span> 
     </span>
    </p>
   </div>
  </div>
 </body>
</html>
