3420 5190
769 379 907 425 Iosnsul
928 380 1029 426 BRVNI

740 706 916 773 XXXIII.
941 707 1058 774 van.

419 984 530 1050 Simul
548 985 653 1051 etiam
672 987 799 1053 dieitur
815 988 1003 1055 secundum
1022 989 1281 1054 multitudinem
1302 988 1473 1075 signifiea-

329 1110 478 1194 tionum,
499 1111 624 1197 quibus
644 1112 973 1200 condistinguitura
992 1114 1102 1201 priori
1121 1120 1155 1179 et
1173 1113 1371 1201 posteriori,
1390 1114 1473 1179 lieet

330 1257 400 1300 non
425 1236 571 1302 totidem
594 1238 713 1304 modis.
738 1238 913 1316 Quaedam
939 1239 1032 1304 enim
1056 1239 1219 1305 dicuntur
1242 1240 1359 1323 simul,
1384 1261 1472 1324 quae

286 1362 306 1426 5
330 1360 367 1425 in
386 1360 506 1426 eodem
528 1361 649 1429 ordine
671 1370 753 1429 sunt
770 1363 887 1450 priora
910 1362 966 1431 vel
987 1364 1192 1452 posteriora,
1212 1363 1302 1430 siout
1325 1363 1472 1430 relativa

330 1485 518 1552 secundum
536 1487 707 1554 rationem
725 1486 918 1572 formalem,
938 1511 1006 1575 qua
1023 1487 1221 1555 referuntur
1240 1487 1285 1555 ad
1307 1488 1471 1571 invioem,

332 1632 418 1696 quae
441 1613 559 1678 eadem
588 1613 776 1679 seeundum
803 1613 974 1680 rationem
997 1612 1292 1680 fundamentalem
1319 1636 1379 1680 seu
1402 1635 1473 1678 ma·

330 1736 486 1802 terialem
514 1761 585 1804 non
613 1746 695 1805 sunt
718 1739 834 1825 simul,
859 1740 918 1805 sed
947 1741 1094 1805 alterum
1124 1747 1335 1827 potestesse
1364 1740 1471 1805 altero

329 1863 439 1950 prius,
465 1863 554 1930 siout
577 1864 841 1931 fundamentum
863 1864 1086 1952 paternitatis
1110 1872 1235 1931 natura
1259 1871 1294 1931 et
1316 1873 1472 1953 tempore

267 1994 308 2056 10
330 1995 383 2053 est
401 1989 498 2075 prius
521 1989 747 2056 fundamento
771 1989 957 2057 filiationis.
978 1989 1155 2068 Quaedam
1179 1989 1343 2056 dicuntur
1366 1991 1472 2056 etiam

331 2113 519 2180 seeundum
536 2115 633 2202 prius
652 2124 687 2182 et
703 2115 887 2202 posterius,
907 2138 995 2200 quae
1014 2138 1084 2181 non
1103 2115 1267 2181 dicuntur
1290 2116 1407 2200 simul,
1427 2116 1472 2184 si·

332 2248 390 2336 out
414 2241 452 2305 in
475 2240 595 2306 ordine
619 2240 803 2327 dignitatis
826 2240 960 2326 aliquid
982 2239 1110 2306 dicitur
1132 2241 1229 2328 prius
1253 2263 1331 2307 oum
1354 2242 1401 2306 sit
1424 2240 1473 2307 di-

331 2365 449 2451 gniuS,
469 2366 639 2453 posterius
658 2390 737 2432 oum
759 2366 806 2431 sit
828 2365 1022 2452 indignius,
1041 2387 1113 2431 non
1135 2372 1253 2432 tamen
1276 2366 1404 2432 dieitur
1427 2366 1472 2433 si-

330 2491 402 2560 mul
425 2493 454 2559 si
477 2493 524 2558 sit
546 2515 654 2578 aeque
674 2491 678 2580 Ι
699 2491 857 2577 dignum
880 2492 972 2557 undo
1000 2498 1097 2579 patet
1120 2514 1189 2558 non
1214 2514 1347 2580 semper
1370 2493 1473 2559 simul
1498 2497 1607 2561 459
1621 2496 1664 2563 G

266 2617 307 2682 15
330 2618 400 2685 diei
419 2618 606 2684 seeundum
620 2617 791 2683 rationem
808 2616 994 2683 distantiae
1013 2618 1105 2683 inter
1120 2617 1217 2705 prius
1236 2625 1271 2684 et
1288 2618 1470 2705 posterius.

329 2746 359 2810 E
375 2750 494 2811 contra
511 2743 678 2830 quaedam
693 2741 857 2810 dicuntur
875 2766 948 2809 esse
971 2743 1087 2830 simul,
1107 2767 1195 2831 quae
1213 2743 1401 2809 excludunt
1419 2766 1472 2810 ra·

329 2871 460 2936 tionem
475 2868 602 2957 prioris
621 2875 656 2934 et
670 2867 883 2955 posterioriS,
904 2868 993 2934 siout
1013 2876 1197 2954 quaesunt
1213 2868 1316 2935 simul
1332 2891 1471 2956 congre·

328 2995 483 3082 gellone,
512 2993 653 3077 unione,
677 2993 766 3058 siout
790 2993 892 3059 multi
915 2993 1070 3059 homines
1099 3001 1180 3060 sunt
1207 3018 1296 3060 unus
1319 2997 1469 3082 populus

329 3120 441 3184 simul.
464 3120 588 3204 Itaque
606 3125 703 3205 patet
727 3118 859 3199 moduS,
885 3142 953 3203 quo
972 3120 1075 3184 simul
1094 3119 1323 3205 distinguitur
1343 3144 1362 3184 a
1382 3144 1473 3185 coor-

263 3244 308 3306 20
330 3244 507 3310 dinatioue
535 3244 661 3330 prioris
680 3251 714 3309 et
733 3244 947 3330 posterioris,
972 3253 1006 3309 et
1034 3243 1236 3311 distinctum
1261 3245 1402 3311 titulum
1422 3270 1473 3312 re-

330 3369 438 3455 quirit
456 3368 499 3434 ab
523 3368 602 3434 illis,

749 3643 921 3711 XXXIV.
950 3646 1047 3712 loru.

417 3915 513 3979 Idem
533 3914 622 3979 siout
640 3922 675 3979 et
694 3938 800 3981 unum
819 3915 1044 3982 multifariam
1065 3916 1202 3982 dieitur.
1223 3919 1286 3983 Vel
1303 3918 1395 3983 eninr
1415 3943 1469 3984 ra·

330 4042 424 4108 tione
446 4040 536 4105 idem
556 4039 697 4124 dieitur,
717 4040 806 4105 sieut
825 4064 864 4106 aa
889 4064 1034 4126 quorum
1063 4042 1239 4125 defiuijtio
1265 4052 1316 4109 est
1347 4068 1414 4109 una
1435 4058 1469 4110 et
1495 4051 1565 4113 50
1577 4053 1632 4115 Μ

263 4175 307 4238 25
330 4188 532 4254 synonyma.
562 4165 700 4230 Dicitur
729 4165 819 4230 idem
848 4166 1001 4231 subiecto
1021 4191 1080 4233 sou
1110 4192 1159 4251 re,
1180 4169 1269 4233 siout
1301 4169 1358 4233 illa
1383 4192 1468 4254 quae

330 4300 411 4358 sunt
439 4314 546 4356 unum
570 4291 624 4356 vel
648 4292 825 4357 collective
852 4292 907 4355 rol
931 4293 1156 4378 compositive
1184 4295 1238 4358 vel
1268 4317 1470 4359 concurren-

329 4426 395 4501 ter‚
416 4424 450 4481 et
468 4416 532 4482 hoo
551 4424 652 4503 paeto
672 4440 725 4502 ea,
745 4440 832 4503 quae
856 4424 936 4483 sunt
952 4418 1055 4482 etiam
1074 4441 1199 4505 genere
1216 4419 1351 4486 diversa
1370 4429 1404 4485 et
1421 4443 1469 4484 es-
