3420 5190
572 425 754 473 rlavnarlo
776 428 908 472 PlIYSlGl
930 429 1080 473 Avurrva.
1339 412 1396 471 143

252 586 287 645 et
311 587 455 647 naturae
478 581 628 649 efficiens
652 607 724 650 esse
748 585 913 670 creditur,
934 585 1138 672 ingreditur.
1162 584 1293 650 Eadem
1317 605 1398 670 quo·

254 728 318 791 que
341 706 396 772 vel
420 707 525 773 simili
548 709 693 793 ratione,
719 733 788 797 qua
811 718 955 776 naturae
974 711 1120 777 notitiae
1139 710 1266 776 notitia
1284 716 1398 775 motus

252 831 443 898 inserviens
467 833 629 920 affertur,
654 835 802 901 aliorum
830 836 1048 922 quorundam
1072 835 1306 922 coguitionem
1330 857 1399 900 mo-

253 962 310 1022 tus
344 958 536 1044 cognitioni
574 959 896 1028 subministrantem
931 961 1085 1049 proferre
1123 984 1299 1027 necessum
1337 967 1399 1025 est.

209 1081 370 1148 5Primo
402 1083 512 1169 igitur
539 1084 648 1173 ipsius
678 1086 808 1153 infiniti
839 1087 928 1153 ratio
956 1093 1008 1153 est
1038 1085 1295 1173 investiganda,
1324 1093 1399 1151 111111

255 1207 336 1295 quia
363 1215 477 1275 motus
505 1211 749 1278 continuorum
779 1212 951 1298 quoddam
979 1219 1045 1297 est,
1064 1218 1105 1277 ut
1135 1211 1192 1278 cui
1209 1211 1298 1276 ratio
1323 1232 1402 1276 con-

253 1340 357 1420 gruat
376 1334 521 1420 infiniti,
540 1343 615 1402 tum
638 1337 744 1403 etiam
764 1338 845 1425 quia
875 1338 1058 1427 opinantes
1086 1337 1200 1425 ipsum
1223 1337 1401 1403 infinitum

254 1481 369 1526 rerum
395 1462 608 1528 naturalium
632 1486 704 1530 esse
722 1464 933 1552 principium
963 1470 1067 1550 atque
1097 1470 1260 1529 naturam
1278 1485 1402 1550 operae

254 1585 406 1672 pretium
424 1593 476 1652 est
500 1611 652 1675 arguere.
672 1590 728 1656 Ad
746 1590 830 1657 haec
849 1591 984 1658 deloco
1003 1589 1226 1656 tractandum
1242 1588 1400 1671 occurrit,

191 1705 233 1769 10
256 1716 331 1776 111111
350 1711 432 1796 quia
451 1719 564 1779 motus
581 1715 692 1781 omnis
716 1715 753 1781 in
776 1717 850 1783 loco
874 1740 946 1783 esse
964 1715 1182 1804 perhibetur,
1205 1722 1279 1779 tum
1296 1714 1400 1778 etiam

256 1836 338 1921 quia
351 1837 512 1927 princeps
532 1846 645 1906 motus
664 1842 793 1929 species
817 1849 869 1907 est
891 1841 1019 1908 localis
1039 1839 1189 1905 Proinde
1206 1838 1399 1924 cognitioni
1472 1925 1477 1943 Ι

256 1962 299 2028 de
317 1962 391 2029 loco
408 1965 562 2051 cognitio
578 1967 680 2032 vacui
696 1967 891 2033 deserviens
912 1990 983 2033 non
1005 1973 1057 2031 est
1077 1963 1400 2053 praetermittenda,

256 2091 371 2178 ipsum
391 2091 519 2180 quippe
548 2116 696 2160 vacuum
715 2093 921 2181 quibusdam
946 2099 1104 2179 (quorum
1123 2112 1217 2157 error
1235 2112 1306 2155 non
1325 2096 1399 2154 erat

257 2216 395 2283 silentio
405 2219 687 2305 praetereundus)
699 2220 794 2285 locus
805 2243 876 2286 esse
892 2219 1058 2310 vi1detur.
1071 2215 1249 2304 Temporis
1262 2215 1399 2281 demum
1428 2213 1479 2276 ΒΡ

192 2344 235 2409 lo
256 2350 498 2431 praesentatur
521 2344 735 2431 adsignanda
754 2343 957 2432 descriptio,
982 2352 1057 2410 tum
1081 2342 1163 2430 quia
1187 2350 1300 2407 motus
1320 2340 1401 2406 dici-

259 2477 316 2535 tur
347 2476 454 2555 atque
490 2469 616 2556 quietis
653 2493 825 2555 mensura,
856 2478 931 2536 tum
962 2470 1067 2535 etiam
1101 2469 1182 2555 quia
1212 2467 1256 2532 ad
1286 2489 1401 2532 rerum

258 2595 412 2661 omnium
435 2597 646 2662 naturalium
669 2595 890 2663 efficientiam
913 2595 1062 2661 maxime
1081 2615 1282 2660 concurrere
1308 2589 1403 2657 vide·

258 2722 432 2787 1111.Εο00
452 2722 738 2806 quemadmodum
761 2728 864 2788 antea
883 2743 986 2807 quam
1004 2720 1043 2785 in
1061 2719 1150 2784 libro
1174 2718 1227 2783 De
1247 2717 1341 2783 caelo
1361 2716 1403 2782 de

258 2845 360 2911 rebus
379 2847 598 2913 naturalibus
620 2848 767 2935 incipiat
790 2852 1021 2935 pertractare,
1040 2845 1103 2910 sub
1122 2843 1225 2909 1111110
1249 2842 1403 2908 conside·

191 2971 236 3034 20
258 2972 404 3037 rationis
424 2972 465 3038 de
484 2979 609 3039 nutura
627 2973 802 3060 generalia
818 2980 923 3058 atque
938 2969 1132 3037 eommunia
1151 2968 1290 3035 entibus
1304 2974 1404 3033 natu-

258 3098 389 3165 ralibus
407 3098 506 3165 iuxta
524 3099 701 3187 propriam
719 3099 812 3165 viam
828 3097 1004 3186 expedisse
1023 3095 1135 3162 voluit
1151 3094 1365 3161 Aristoteles

717 3405 903 3453 Aurrcvuvs
925 3406 947 3448 1.

612 3529 742 3569 Aristotelis
757 3530 896 3580 propositum
911 3529 1046 3580 explicatur.

348 3723 530 3812 Duplicem
553 3724 725 3812 principio
753 3723 1027 3809 cognoscendum
1053 3725 1220 3811 proponit
1248 3724 1403 3791 ordinem

193 3849 236 3913 ‘25
259 3851 570 3938 Peripateticorum
589 3851 765 3938 princeps:
782 3850 930 3915 alterum
953 3849 1090 3915 habitui
1109 3849 1274 3915 scientiae
1293 3851 1404 3935 magis

259 3976 557 4043 adcommodatum
582 3983 617 4042 et
640 3983 891 4063 opportunum,
917 3997 984 4060 quo
1008 3975 1129 4040 effecta
1154 3998 1299 4060 quorum
1320 3986 1402 4041 sunt

259 4103 445 4190 principia,
466 4125 587 4168 carruae
616 4109 651 4166 ot
681 4102 849 4166 elementa
868 4123 909 4165 ex
932 4100 1129 4187 principiis,
1150 4101 1262 4167 causis
1286 4110 1320 4166 et
1339 4103 1402 4167 ule·

259 4229 385 4295 mentis
419 4238 687 4315 coguosormtur;
716 4227 864 4292 alterurn
891 4226 991 4292 nobis
1017 4225 1194 4309 innatum,
1223 4227 1402 4314 adipsum

358 4512 389 4561 18
407 4510 486 4562 00010
549 4510 582 4559 ’ὣ
597 4507 731 4560 comunis
793 4506 825 4558 26
841 4514 1016 4572 oportunum
