3420 5190
698 397 919 448 nonnsumvs.
1314 383 1373 442 237

237 557 386 643 11010001
398 557 535 624 videtur
545 558 638 623 faeta
646 557 849 645 progressio.
861 555 952 641 Cape
962 554 1067 620 simili
1078 554 1189 620 forma
1200 554 1376 621 residuum
1402 561 1455 623 5v

238 683 324 748 illud
351 683 427 767 FG3
448 706 596 769 namque
616 682 785 748 sexdecim
804 681 938 747 vicibus
969 703 1071 767 super
1094 680 1261 744 diametro
1284 681 1378 768 posi-

237 817 311 874 tum
331 809 368 874 10
386 809 544 897 partibus
568 808 713 894 integris
737 806 897 872 diametri
916 806 1059 871 totidem
1079 806 1227 871 secunda
1250 806 1378 871 indica·

237 934 299 1000 bit.
319 935 389 1002 Ubi
406 934 627 1021 quoadusque
644 932 776 1019 aliquid
792 932 940 1019 amplius
955 955 1129 1020 superesse
1148 954 1217 996 non
1238 954 1378 1018 appare-

193 1052 214 1115 5
238 1060 304 1145 bit,
324 1061 367 1126 ad
386 1061 612 1146 adaequatam
632 1065 854 1142 exactamque
874 1081 1069 1123 mensuram
1088 1058 1246 1123 secundis
1263 1057 1376 1141 tertia,

237 1186 350 1252 tertiis
371 1192 505 1272 quarta,
520 1185 653 1271 quartis
669 1185 790 1271 quinta
810 1189 844 1247 et
862 1184 953 1248 ultra
966 1183 1204 1270 superquirere
1220 1205 1287 1248 non
1309 1189 1377 1247 tae-

237 1310 342 1377 debit.

325 1437 408 1502 Bor.
432 1437 610 1501 Hactenus
636 1459 708 1500 rem
738 1459 801 1501 nec
824 1435 893 1500 alia
915 1435 972 1500 via
1002 1434 1250 1520 impossibilem
1266 1455 1377 1518 neque

238 1561 499 1648 supramodum
528 1561 702 1626 difficilem
723 1560 904 1647 aperuisti,
924 1559 983 1624 sed
1007 1564 1097 1623 certe
1116 1558 1216 1623 modo
1247 1558 1377 1646 optime

174 1693 215 1756 10
237 1695 272 1751 01
289 1687 608 1774 incomparabiliter
627 1687 775 1751 meliore.
795 1687 870 1751 Iam
889 1685 988 1768 illud,
1008 1684 1069 1750 ubi
1093 1691 1204 1751 totum
1223 1684 1273 1749 rei
1291 1706 1377 1770 pon·

237 1810 300 1877 dus
317 1812 500 1896 incumbit,
514 1811 704 1898 quaeritur,
725 1810 894 1897 quomodo
911 1809 1122 1896 operandum
1141 1809 1195 1891 sit,
1209 1808 1269 1873 ubi
1284 1807 1379 1872 diffe-
1428 1874 1434 1883 ,

238 1938 363 2022 nentia,
384 1961 471 2024 quae
487 1939 584 2003 oculo
595 1958 732 2023 quoquo
751 1944 853 2023 pacto
870 1935 1043 2001 sensibilis
1060 1943 1124 2019 est,
1141 1935 1237 2000 nullo
1249 1935 1377 1999 circino

239 2086 301 2128 neo
324 2063 395 2129 ullo
419 2063 487 2128 alio
506 2063 690 2128 artificioso
718 2061 1035 2149 comprehensibilis
1059 2068 1110 2127 est
1134 2061 1374 2126 instrumento.

236 2189 359 2254 Nonne
378 2188 427 2253 ibi
447 2188 491 2253 ob
515 2188 676 2253 eximiam
693 2186 930 2252 difficultatem
954 2195 987 2252 01
1011 2187 1100 2251 forte
1120 2186 1377 2273 impossibilita-

172 2313 213 2378 15
236 2319 306 2378 tem
330 2313 371 2377 de
395 2313 611 2380 exactissima
630 2312 690 2379 iila
710 2336 868 2379 mensura
887 2313 1123 2380 convincenda
1151 2312 1374 2399 desperabis?

710 2636 809 2702 oAP.
838 2636 897 2702 VI.

351 2781 386 2821 Ad
399 2781 502 2822 ultimum
514 2781 690 2822 mensurationis
702 2782 892 2832 complementum
904 2781 1025 2831 dignitates
1037 2782 1177 2822 inventionis
1187 2783 1263 2822 huius.

324 3042 416 3107 Mon.
440 3041 591 3107 Tantum
610 3040 720 3125 abest,
740 3065 759 3106 0
778 3041 915 3125 Botere,
935 3047 974 3108 01
1001 3042 1081 3107 inde
1100 3042 1166 3108 tibi
1196 3044 1306 3110 maior
1324 3047 1374 3111 in-

236 3174 340 3252 gruat
355 3167 549 3250 difficultas,
562 3174 646 3231 utet
664 3167 713 3232 ibi
730 3189 870 3254 prorsus
886 3168 983 3233 nulla
996 3168 1091 3233 facili
1106 3169 1220 3236 minus
1236 3170 1374 3237 facilem

169 3296 216 3362 20
238 3292 459 3359 mensurandi
470 3293 640 3358 rationem
658 3291 867 3379 patefactam
887 3293 956 3359 sole
976 3293 1100 3359 clarius
1119 3295 1235 3360 videre
1253 3299 1374 3383 possis.

236 3419 353 3486 Habes
371 3418 464 3483 enim
483 3418 621 3483 modum
646 3440 712 3502 quo
737 3440 840 3504 supra
860 3418 991 3483 minore
1008 3426 1043 3483 01
1060 3427 1375 3509 quantumcumque

236 3545 279 3610 ad
307 3542 611 3609 insensibilitatem
633 3542 815 3607 accedente
838 3550 937 3629 parte
962 3544 1071 3609 multo
1090 3547 1206 3633 potius
1225 3548 1372 3633 facilius,

237 3693 340 3756 quam
359 3692 462 3756 snpra
478 3668 600 3734 maiori
620 3668 797 3753 aliquanto
816 3667 990 3734 difficilius
1006 3670 1121 3736 valeas
1140 3674 1284 3759 operari.

326 3797 406 3861 Bor.
432 3796 491 3859 Dii
510 3796 605 3878 boni,
627 3795 768 3880 quinam
787 3795 862 3860 fieri
881 3795 917 3859 id
935 3798 1074 3883 potest?

169 3930 213 3994 25
324 3921 415 3986 Mon.
439 3921 518 3985 Non
537 3921 651 3984 minus
677 3920 804 3985 etenim
835 3922 1032 3987 sensibilem
1062 3923 1241 3990 minimam
1266 3926 1373 3993 totius

235 4052 370 4133 partem
394 4044 551 4128 efficiam,
576 4067 678 4130 quain
703 4045 843 4131 quaevis
868 4046 977 4111 maior
1000 4070 1079 4133 pars
1103 4050 1276 4116 sensibilis
1300 4076 1372 4117 csse

236 4178 363 4258 potest,
385 4169 539 4254 quinimo
564 4179 598 4234 et
621 4169 705 4235 adso
734 4170 930 4237 sensibilem
959 4180 1062 4258 atque
1092 4174 1304 4261 distinctam,
1334 4187 1373 4244 01

245 4353 306 4365 --
310 4353 470 4362 .—-..—-—
733 4356 1052 4366 .—.-—.-—.-——
1058 4360 1241 4369 —-—.-
1248 4363 1372 4371 ——.-

327 4457 377 4508 a?
395 4456 504 4508 tedebit
568 4458 598 4506 13
614 4456 1044 4526 01110100101101101100901110
1062 4462 1131 4526 depo
1149 4465 1341 4517 instrumento
