3420 5190
463 425 576 469 svnnn
596 423 817 469 ruaurnonvn
839 422 1153 467 irararnrsmonvu.
1343 410 1382 467 49

236 583 389 666 ratione;
419 581 487 647 alia
517 580 609 646 enim
640 580 775 646 ratione
798 586 941 668 possunt
969 580 1099 667 opponi
1130 581 1315 664 contrarie,
1340 586 1381 646 ut

236 709 324 775 mori
354 715 390 775 et
419 707 523 773 nasci.
558 706 601 772 In
635 705 689 772 his
718 705 811 771 enim
834 705 922 771 ratio
945 705 1023 793 plus
1054 705 1302 772 consideranda
1328 717 1381 771 est

237 859 342 922 quam
366 833 488 918 dictio,
513 839 552 899 ut
576 831 725 898 calidum
756 836 791 896 et
820 831 989 918 frigidum
1021 831 1125 897 etiam
1156 831 1380 918 regionaliter
1405 838 1467 901 41
1483 839 1537 900 M

237 961 367 1048 opponi
398 959 574 1042 dicuntur,
594 963 634 1024 ut
664 956 812 1023 alterum
840 957 1028 1045 accipimus
1056 957 1094 1023 in
1124 957 1280 1041 meridie,
1300 959 1383 1024 alte·

193 1090 214 1155 5
237 1109 315 1152 rum
333 1087 371 1151 in
390 1083 731 1172 septentrione31eve
754 1089 789 1148 et
807 1105 926 1168 grave,
950 1089 990 1149 ut
1013 1105 1091 1148 curn
1114 1084 1220 1170 vulgo
1243 1082 1380 1170 loquar,

236 1212 384 1280 alterum
405 1195 543 1296 quidem
562 1210 599 1275 in
617 1215 751 1294 centro,
771 1208 918 1275 alterum
936 1208 974 1275 in
994 1208 1282 1276 circumferentia.

635 1460 789 1526 XXVII.
813 1461 986 1526 Iurnnrro.

326 1693 566 1759 Intentionum
590 1692 659 1759 alia
675 1692 802 1779 prima,
822 1691 891 1792 alia
909 1692 1066 1758 secunda.
1086 1692 1240 1759 Intentio
1264 1695 1377 1781 prima

236 1825 287 1883 est
301 1841 388 1903 quae
400 1817 597 1883 immediate
610 1816 778 1883 fundatur
793 1816 831 1882 in
848 1839 898 1902 re,
913 1824 947 1882 et
959 1817 1043 1883 haec
1055 1823 1107 1882 est
1119 1817 1257 1907 duplex:
1272 1820 1378 1906 parti-

171 1954 214 2018 10
237 1944 362 2010 cularis
377 1950 412 2009 et
427 1941 641 2010 universalis.
659 1942 725 2007 Illa
743 1942 910 2008 fundatur
929 1943 1126 2009 immediate
1142 1945 1268 2032 prime,
1288 1945 1377 2011 sicut

236 2069 384 2135 intentio
404 2067 771 2153 SocratisinSocrate,
787 2067 869 2133 solis
882 2067 919 2132 in
939 2068 1008 2133 sole
1026 2069 1181 2134 sensibili
1188 2094 1195 2152 ;
1216 2069 1282 2134 ista
1301 2069 1378 2136 fun·

236 2196 338 2261 datur
354 2193 552 2259 immediate
570 2192 733 2277 secundo,
755 2192 759 2281 l
780 2193 869 2258 sicut
878 2192 1026 2259 intentio
1039 2194 1198 2261 animalis
1211 2195 1378 2262 fundatur
1401 2201 1510 2265 453
1525 2201 1566 2267 G

236 2320 273 2385 in
291 2319 444 2404 homine,
465 2318 561 2386 ouius
573 2317 722 2385 intentio
740 2318 906 2385 fundatur
925 2319 964 2384 in
982 2319 1130 2386 Socrate.

324 2445 479 2510 Intentio
498 2443 646 2509 secunda
676 2449 728 2509 est
765 2466 852 2528 quae
880 2444 1028 2510 mediate
1052 2444 1220 2512 fundatur
1247 2445 1285 2511 in
1308 2447 1375 2534 pri·

170 2570 212 2636 15
235 2570 313 2656 mis,
335 2571 390 2636 cui
406 2592 467 2657 per
483 2593 518 2635 se
537 2575 572 2635 et
589 2569 702 2657 primo
720 2591 791 2635 non
809 2569 993 2657 respondet
1008 2571 1139 2659 aliquid
1155 2579 1267 2657 extra,
1287 2573 1376 2638 sicut

234 2695 315 2762 huic
332 2696 520 2761 intentioni
538 2717 678 2779 nomen,
695 2694 751 2761 cui
767 2717 836 2760 non
851 2695 1034 2783 respondet
1053 2697 1245 2764 subiectum
1264 2705 1375 2765 extor-

236 2844 320 2888 num
338 2821 408 2888 nisi
422 2820 652 2905 nominatum,
674 2820 764 2908 quod
783 2822 929 2889 subinde
942 2823 1008 2888 erit
1023 2823 1087 2889 hoe
1098 2824 1155 2891 vel
1166 2824 1253 2890 illud
1271 2827 1376 2913 parti·

234 2951 357 3017 culare.
377 2951 424 3015 ut
446 2949 530 3016 haec
548 2949 696 3015 intentio
716 2949 864 3016 secunda
888 2957 939 3015 est
961 2951 1144 3039 praecipue
1164 2952 1305 3039 triplex:
1326 2955 1375 3018 lo·

233 3082 312 3168 gica
335 3081 577 3148 universaliter
600 3080 704 3166 diota,
730 3079 973 3147 mathematica
1003 3089 1037 3147 et
1066 3081 1188 3148 ethica.
1219 3083 1374 3149 Intentio

167 3210 212 3276 20
232 3207 358 3294 logica,
379 3212 419 3274 ut
441 3229 578 3291 nomen,
606 3206 764 3291 verbum,
789 3206 911 3294 copula
930 3216 964 3273 et
982 3208 1110 3274 similia
1132 3209 1372 3295 grammatioa;

232 3356 354 3420 genus,
375 3333 517 3421 speciae,
537 3332 692 3399 definitio
716 3340 751 3398 et
774 3332 902 3399 similia
925 3333 1116 3416 dialectica;
1143 3335 1371 3422 prooemium,

233 3459 387 3525 narratio
415 3465 449 3524 et
488 3458 615 3524 similia
641 3458 824 3542 rhetorioa;
852 3458 1024 3546 dactylus,
1064 3460 1234 3547 spondeus
1263 3469 1298 3526 et
1329 3463 1372 3526 si-

233 3584 329 3650 milia
352 3585 497 3672 poctica.
522 3583 676 3649 Intentio
695 3584 951 3666 mathematica,
978 3591 1017 3651 ut
1036 3585 1217 3670 longitudo
1236 3608 1298 3672 per
1322 3610 1372 3670 se,

232 3710 377 3798 paritas,
397 3709 590 3798 imperitae,
610 3710 789 3797 diapason,
809 3710 980 3798 diapente.
1000 3711 1154 3776 Intentio
1178 3711 1307 3794 ethica,
1335 3720 1374 3777 ut

166 3834 210 3900 25
234 3859 395 3923 aequum,
415 3837 587 3922 iniquum,
607 3837 774 3921 sobrium,
795 3837 937 3902 ebrium.

322 3963 477 4028 Intentio
500 3984 637 4028 rursum
660 3962 807 4028 sumitur
832 3961 1026 4047 aequivoce.
1049 3961 1248 4047 Aliquando
1279 3963 1373 4028 enim

232 4085 423 4174 silgnificat
445 4088 673 4171 voluntatem,
702 4094 741 4153 ut
759 4087 907 4152 intentio
932 4110 1006 4152 mea
1029 4094 1081 4152 est
1100 4088 1369 4175 metaphysicam
1396 4093 1535 4157 42M

233 4211 469 4279 inventionem
499 4213 644 4300 aperire,
666 4212 700 4277 id
724 4221 775 4277 est
803 4212 972 4278 voluntas.
993 4212 1190 4298 Aliquando
1221 4214 1371 4279 sumitur

314 4409 579 4461 5<it0m›1eveu
649 4409 679 4457 21
699 4407 860 4460 Protmium
886 4408 918 4458 T:
940 4409 1103 4459 Praemium
1127 4408 1158 4457 Μ
1225 4409 1356 4475 'Respon-

235 4491 322 4542 daous
336 4490 417 4541 Mra
479 4490 601 4671 Ἴοηε
612 4488 823 4539 intentionenr?

368 4587 442 4626 Buurtl
457 4587 511 4636 ΟΜ).
533 4588 565 4623 at.
579 4584 632 4631 1,·1.
1200 4584 1210 4622 'l
