3420 5190
484 448 596 495 arnna
617 445 838 494 raanruoavn
858 443 1171 494 narnrnrsmoavn.
1342 424 1399 494 123

256 606 414 672 tellectus
434 629 529 692 ver0,
549 606 611 692 qui
630 611 682 671 est
704 606 910 672 universalis
935 605 1129 672 substantia
1149 612 1184 672 et
1202 628 1305 672 causa
1324 606 1400 672 uni-

255 756 373 799 versae
384 731 595 818 cognitionis
607 732 645 796 in
661 731 822 797 omnibus
834 737 869 797 et
882 731 1043 817 singulm,
1056 737 1107 797 est
1119 753 1189 797 uua
1203 731 1398 798 substantia

255 881 316 924 seu
335 856 484 924 essentia
503 857 631 943 ubique
650 863 737 942 tota,
758 857 847 923 sicut
866 856 981 922 anima
1001 856 1038 922 in
1057 878 1209 943 corpore.

750 1178 905 1255 Qvnuno.

209 1436 230 1498 5
344 1439 391 1504 Ut
410 1444 462 1503 est
481 1458 586 1524 supra
604 1436 786 1502 materiam
804 1442 839 1501 et
858 1443 955 1502 extra
974 1436 1168 1517 materiam,
1186 1436 1236 1502 ita
1253 1443 1288 1501 et
1302 1444 1400 1502 extra

253 1561 546 1649 magnitudinem,
567 1568 700 1627 motum
723 1567 829 1647 atque
856 1568 1001 1648 tempus.
1022 1560 1142 1639 Quoad
1162 1560 1397 1648 operationem

253 1710 335 1754 vero
355 1687 522 1773 quaedam
541 1686 719 1774 potent-iae
734 1686 1001 1772 cognoscitivae,
1022 1692 1061 1751 ut
1080 1692 1162 1751 sunt
1177 1685 1215 1751 in
1234 1685 1398 1751 subiectis

253 1811 596 1896 transmutabilibus,
630 1834 777 1896 quorum
808 1810 956 1876 mutatio
976 1817 1028 1876 est
1056 1811 1269 1898 intempore
1297 1817 1332 1874 et
1351 1832 1400 1874 se-

255 1937 407 2003 cundum
427 1944 577 2025 tempus,
598 1937 702 2001 etiam
726 1957 787 2001 suo
807 1935 926 2001 ordine
950 1935 1105 2020 seriaque
1128 1934 1399 2023 progrediuntur

189 2058 231 2121 10
254 2061 292 2128 in
311 2069 441 2146 actrnn,
459 2069 498 2127 ut
509 2062 604 2127 visus
620 2061 733 2148 primo
749 2060 902 2125 intendit
916 2059 953 2124 in
963 2082 1035 2125 rem
1045 2059 1233 2143 visibilem,
1250 2059 1399 2124 secundo

253 2187 375 2252 unitur
385 2187 434 2252 rei
444 2186 590 2271 visibili,
611 2185 616 2274 1
636 2185 741 2251 tertio
756 2184 770 2266 ll
783 2184 935 2273 concipit
945 2184 1093 2272 speciem
1104 2207 1123 2250 a
1136 2207 1172 2249 re
1182 2183 1314 2251 visibili
1325 2183 1400 2270 ipsa
1425 2142 1591 2297 ἓξὲξ

254 2311 285 2376 ei
308 2311 447 2377 admota
466 2318 570 2397 atque
588 2317 783 2399 praesente,
803 2310 927 2377 amotis
951 2310 1207 2397 impedimentis
1227 2316 1262 2376 et
1285 2310 1398 2376 medio

253 2436 421 2523 disposito
441 2437 485 2502 ad
501 2443 634 2502 certum
659 2435 882 2501 intervallum
902 2442 936 2500 et
954 2441 1135 2522 praesente
1157 2435 1288 2501 lumine
1308 2443 1399 2501 exte·

253 2561 348 2627 riori.
368 2561 423 2626 Ita
447 2568 482 2626 et
505 2560 629 2626 deinde
652 2560 884 2646 frequentatis
908 2559 1112 2645 iteratisque
1136 2560 1271 2626 actibus
1294 2561 1401 2648 parti-

190 2685 424 2755 Iocularium
455 2685 691 2752 sensationum
721 2686 762 2751 fit
784 2708 873 2751 unus
896 2684 1036 2750 habitus
1064 2691 1099 2750 et
1128 2685 1342 2771 experientia
1361 2686 1399 2751 in

254 2810 320 2894 hia,
336 2832 423 2895 quae
438 2810 626 2875 secundum
638 2817 775 2897 tempus
791 2816 826 2875 et
838 2808 993 2876 ordinem
1011 2809 1184 2895 quendam
1197 2809 1397 2892 addiseunt;

253 2935 429 3022 potentiae
449 2957 531 3001 vero
551 2941 731 3022 separatae
750 2957 769 3000 a
792 2935 937 3000 materia
951 2935 1004 3001 vel
1021 2935 1136 3000 minus
1155 2935 1321 3000 materiae
1336 2935 1399 3001 im·

254 3083 398 3143 mersae,
415 3060 534 3146 quales
551 3060 684 3125 suntin
701 3059 824 3148 apibus
841 3066 876 3125 et
895 3059 1049 3125 formicis
1066 3058 1260 3125 declaratae
1277 3061 1396 3146 [sunt],

254 3207 324 3250 non
344 3183 518 3270 obligatae
537 3191 620 3250 sunt
638 3184 801 3271 tempori,
822 3183 991 3250 discursui
1010 3190 1114 3269 atque
1132 3183 1253 3250 motui.

770 3478 877 3546 Srrvs.

342 3745 545 3812 Intellectus
563 3754 598 3812 et
617 3745 850 3813 intellectivae
868 3747 1045 3835 potentiae
1069 3752 1151 3814 sunt
1175 3746 1341 3813 fundatae
1362 3747 1400 3812 in

254 3872 384 3957 anima,
405 3873 454 3938 ita
473 3880 513 3937 ut
531 3895 602 3938 non
618 3878 730 3938 certae
748 3872 900 3960 corporis
915 3872 1007 3960 parti
1023 3871 1253 3956 destinentur,
1276 3872 1334 3937 scd
1355 3872 1399 3937 si-

255 4007 313 4063 eut
343 3997 460 4064 anima
490 4005 542 4063 est
570 3997 607 4062 in
634 4003 708 4063 tcto
736 4003 824 4081 tota,
853 3997 903 4063 ita
932 4006 968 4062 et
999 3997 1195 4063 huiusmodi
1223 3997 1399 4085 potentiae

254 4131 335 4188 sunt
350 4146 427 4188 cum
440 4121 575 4188 animae
594 4121 742 4189 essentia
753 4129 1009 4209 concurrentes,
1027 4130 1066 4188 ut
1082 4145 1194 4209 neque
1210 4122 1399 4189 secundum

319 4382 321 4387 .
345 4412 362 4460 ss
379 4418 491 4478 tempus
506 4412 591 4463 etiem
605 4411 637 4462 M
698 4410 768 4464 1811
785 4410 896 4463 reconde
912 4418 982 4463 eunt
995 4411 1008 4462 ὲ
1021 4412 1168 4463 cancellare
1184 4411 1221 4463 da
1240 4413 1276 4474 G,
1296 4412 1342 4463 elce
1360 4413 1396 4464 lm

254 4493 338 4544 undae
354 4493 481 4560 appiuntc
497 4494 526 4542 la
543 4493 650 4559 eiryola
666 4493 779 4545 innomi
796 4512 813 4543 a
832 4509 890 4545 non
