3420 5190
465 459 578 507 svnun
599 459 819 508 ranmnonvn
839 460 1152 509 iiarnrnrsmonvn.
1321 447 1377 509 1οῖ

236 641 417 706 possumus
442 619 657 703 concludere;
677 626 798 707 utpote
833 620 1086 706 intelligentiae
1110 621 1283 706 quandam
1299 643 1377 707 par-

236 744 485 831 ticipationem,
499 746 657 832 quamvis
673 745 943 832 intelligentiam
959 746 996 811 in
1014 746 1220 833 quibusdam
1236 752 1378 833 propter

236 869 408 934 defectum
423 869 479 935 vel
496 892 704 957 organorum
719 872 775 937 vel
790 871 937 937 aliarum
954 871 1293 937 circumstantiarum
1309 891 1377 935 non

235 994 413 1060 videamus
438 1001 532 1079 actn,
556 996 714 1083 potentia
732 1003 850 1062 tamen
869 996 985 1062 omnia
1008 997 1046 1062 in
1070 996 1230 1062 omnibus
1253 996 1377 1076 inesse,

193 1129 272 1192 bet
304 1128 552 1206 consequenter
581 1120 852 1207 intelligentiam
882 1122 1006 1209 ipsam,
1038 1145 1126 1208 quae
1157 1145 1234 1187 cuin
1263 1121 1378 1186 anima

236 1245 357 1311 mundi
382 1245 556 1312 concurrit
579 1252 614 1312 et
636 1246 857 1313 divinitatem
880 1248 992 1335 ipsam
1015 1247 1144 1333 ubique
1168 1254 1277 1312 totam
1302 1268 1380 1312 eon-

237 1370 438 1456 comitatur,
461 1394 525 1460 pro
548 1372 683 1438 ratione
707 1372 861 1457 effectus,
887 1396 989 1458 quern
1012 1373 1049 1438 in
1080 1373 1225 1439 materia
1249 1373 1379 1460 perspi·

237 1519 312 1562 cere
331 1498 387 1562 vel
414 1521 456 1563 ex
486 1498 630 1564 materia
653 1499 836 1587 provenire
866 1498 1111 1583 desideramus
1143 1498 1378 1565 concludimus

236 1645 309 1688 esse
328 1622 516 1690 secundum
534 1623 727 1710 potentiam
748 1625 922 1710 quandam
941 1625 979 1690 in
997 1625 1171 1707 omnibus3
1191 1624 1379 1690 secundum

172 1754 214 1817 10
237 1754 353 1814 actum
371 1770 453 1814 vero
473 1749 511 1814 in
530 1749 751 1835 quibusdam,
771 1772 858 1835 quae
877 1750 922 1815 ad
940 1756 1095 1815 nostram
1114 1749 1379 1815 similitudinem

235 1875 377 1962 propius
402 1877 582 1960 accedunt,
615 1876 671 1941 vel
703 1876 741 1942 in
763 1884 882 1942 nostra
912 1875 1108 1943 consistunt
1135 1875 1377 1959 similitudine,

236 2002 292 2067 vel
311 2001 354 2066 ad
373 2025 520 2088 quorum
539 2024 657 2068 sumus
676 2001 953 2088 similitudinem,
970 2026 1093 2089 nempe
1112 2002 1255 2068 heroum
1274 2009 1378 2087 atque

237 2127 387 2193 deorum.
408 2129 450 2193 In
474 2128 593 2194 mixtis
616 2151 712 2213 ver0,
730 2130 848 2216 qualia
871 2137 953 2196 sunt
976 2131 1130 2217 plantae,
1155 2129 1302 2217 lapides,
1328 2129 1379 2193 in-

237 2256 451 2342 telligentiae
481 2280 541 2321 seu
565 2256 774 2344 cognitionis
804 2266 921 2323 actum
952 2280 1023 2323 non
1051 2258 1216 2324 habemus
1246 2282 1379 2345 expres·

171 2385 213 2449 Ιῡ
236 2404 327 2466 sum,
348 2389 385 2447 at
408 2405 541 2465 sensus;
561 2383 642 2448 licet
666 2382 806 2470 quidam
829 2383 981 2449 habeant
1004 2383 1049 2449 ad
1072 2384 1209 2449 oculum
1232 2384 1378 2450 rationis

235 2507 461 2573 nihilominus
495 2508 723 2595 explicatum,
757 2509 817 2596 qui
850 2509 1054 2596 intelligunt
1095 2516 1208 2574 totum
1241 2509 1374 2575 telluris

236 2653 359 2718 corpus
386 2657 459 2699 esse
480 2635 483 2722 l
505 2635 634 2699 animal
657 2642 692 2700 et
716 2656 786 2700 non
809 2634 883 2699 sine
907 2634 1033 2722 spiritu
1056 2641 1091 2699 et
1115 2634 1231 2700 anima
1255 2657 1373 2721 opera·
1400 2635 1565 2700 106M

234 2757 345 2823 tiones
365 2759 539 2824 mirabiles
563 2783 583 2824 a
601 2758 731 2846 lapillis
754 2767 925 2825 eteorum
948 2759 1153 2846 fragmentis
1177 2760 1373 2847 provenire,

235 2905 322 2968 quae
341 2883 447 2949 etiam
470 2884 625 2950 animum
647 2883 797 2950 hominis
812 2884 965 2971 pulsent,
986 2886 1134 2951 alterent
1153 2892 1188 2950 et
1207 2885 1373 2967 afficiant,

166 3013 211 3076 20
233 3008 408 3075 interdum
427 3010 471 3075 ad
489 3010 647 3076 meliores
663 3017 698 3074 et
716 3008 989 3075 admirabiliores
1006 3009 1123 3097 fruges
1138 3018 1374 3097 promoveant.

233 3134 331 3200 Licet
361 3157 443 3221 ergo
470 3135 635 3201 animalia
664 3157 735 3201 non
753 3133 870 3201 omnia
899 3134 1123 3223 appellemus
1149 3135 1301 3200 animam
1326 3142 1375 3200 ta-

232 3282 312 3324 men
328 3260 365 3324 in
385 3259 544 3325 omnibus
563 3283 635 3326 esse
654 3281 724 3325 non
748 3259 959 3344 dubitamus,
980 3265 1015 3324 ct
1039 3282 1116 3325 cum
1140 3259 1256 3325 anima
1275 3259 1375 3323 intel·

231 3385 398 3471 ligentiac
428 3409 488 3451 seu
518 3385 723 3452 universalis
748 3385 957 3472 cognitionis
980 3408 1118 3451 sensum
1148 3385 1204 3450 hic
1233 3385 1372 3470 quidem

231 3510 536 3596 vehementiorem,
557 3511 613 3577 hic
631 3534 712 3578 vero
728 3511 966 3577 remissiorem.

702 3780 903 3845 Psnrncrio.
1398 3782 1561 3850 5006

319 3996 447 4062 Eorum
475 4020 555 4062 vero
585 4006 667 4064 sunt
690 4005 794 4086 atque
818 3997 1012 4064 subsistunt
1042 3995 1180 4084 singula
1202 4019 1266 4085 pro
1290 4021 1371 4063 suae

230 4123 394 4189 materiae
413 4146 472 4188 seu
491 4123 715 4189 subiectionis
733 4124 913 4206 tiaeultate,
931 4131 1034 4209 atque
1052 4123 1222 4208 suppositi
1242 4123 1372 4188 virtute

230 4249 440 4336 cognitionis
464 4249 637 4336 specimen
656 4250 757 4314 aliter
776 4260 880 4336 atquc
896 4249 998 4315 aliter
1016 4248 1210 4336 proferunt,
1228 4249 1317 4314 sicut
1337 4256 1371 4313 et

229 4436 293 4447 μ...-
302 4437 318 4442 ..
346 4435 383 4442 ....
391 4434 455 4441 ——
469 4435 514 4441 —m
524 4434 907 4442 ---—--—--......——-.
919 4435 979 4441 -..-
1014 4434 1037 4441 -
1045 4434 1244 4441 ——---.-..-
1286 4433 1360 4443 -—-

322 4539 360 4590 lo.
372 4539 400 4589 li
415 4537 579 4605 qui-anima
592 4535 620 4586 in
630 4533 771 4600 parmensi
785 4536 853 4586 male
871 4537 894 4587 (ἰ
