3420 5190
704 441 925 488 noanrurrvs.
1328 429 1387 488 245

147 672 152 679 .
244 593 313 659 alia
332 602 368 660 et
385 594 453 661 alia
473 595 620 661 subiecti
638 597 786 681 ratione,
806 598 874 663 alia
893 605 928 663 et
946 598 1014 663 alia
1033 598 1180 665 subiecti
1198 599 1287 666 ratio
1307 621 1387 665 ean-

244 718 319 790 dem
346 720 476 786 forma-e
499 721 669 787 rationem
692 744 764 788 non
782 722 956 811 supponit.
981 723 1071 789 Cum¹
1094 746 1175 809 ergo
1198 724 1236 789 in
1260 723 1389 789 mathe-

245 845 380 910 maticis
411 846 576 933 cuiusque
597 847 648 913 rei
671 848 817 935 simplex
840 849 886 914 sit
910 849 1000 915 ratio
1024 855 1059 915 et
1081 872 1153 916 non
1176 850 1214 915 in
1239 848 1388 936 quadam

244 970 429 1037 latitudine
449 973 651 1058 consistens,
666 975 856 1040 necessario
869 975 906 1039 in
917 975 1069 1041 eiusdem
1085 975 1214 1063 speciei
1233 974 1388 1041 subiecto

203 1089 223 1152 5
246 1097 456 1183 comparatio
476 1098 610 1163 nullum
634 1098 790 1165 admittit
812 1100 936 1167 locum.
956 1101 1037 1166 Non
1061 1101 1153 1165 euim
1177 1100 1305 1165 dicitur
1321 1122 1391 1166 ree

245 1229 321 1286 tum
347 1222 415 1288 alio
441 1231 534 1289 reete
560 1224 701 1307 rectius,
729 1232 763 1289 et
791 1226 956 1292 circulare
975 1227 1086 1312 magis
1113 1227 1181 1292 alio
1213 1226 1389 1311 circulari,

247 1347 405 1432 quamvis
433 1370 616 1415 curvorum
645 1350 932 1436 obliquorumque
958 1350 1121 1418 definitus
1152 1351 1268 1417 nullus
1296 1356 1392 1416 extet

246 1473 376 1540 modus.
399 1474 474 1540 Iam
498 1484 597 1541 tuum
621 1476 786 1561 estquod
809 1478 895 1543 dicis
914 1478 957 1543 ad
975 1479 1192 1566 propositum
1216 1478 1396 1568 applicare

247 1600 449 1685 sententiae,
464 1623 551 1687 quae
567 1609 637 1667 tres
656 1601 890 1688 investigandi
910 1604 1062 1670 rationes
1077 1604 1121 1669 ad
1137 1604 1286 1670 invicem
1302 1626 1392 1669 oom-

184 1725 227 1787 10
248 1726 394 1811 paravit.

334 1852 426 1917 Mea.
439 1852 494 1918 Ad
506 1852 584 1940 plus
596 1876 699 1940 quam
709 1854 793 1920 satis
804 1877 1000 1942 expressam
1010 1855 1237 1920 obiectionem
1250 1875 1389 1942 respon·
1415 1851 1495 1919 12r

247 1977 322 2060 deo,
343 2001 414 2045 non
433 2001 505 2045 esse
521 1979 813 2066 comparationem
832 1981 923 2046 inter
942 1987 1012 2046 tres
1028 1981 1139 2046 dictos
1158 1981 1394 2046 demonstran·

247 2102 282 2167 di
306 2103 436 2187 modOS,
462 2104 492 2168 si
519 2126 558 2170 eo
587 2105 786 2192 respiciant,
806 2111 846 2170 ut
869 2107 924 2171 vel
947 2106 1059 2172 lineae
1083 2105 1314 2193 quantitatem
1338 2105 1393 2170 vel

246 2236 416 2315 puuctum
434 2227 616 2295 divisionis
636 2229 786 2296 theorice
806 2231 1004 2315 ostendant,
1024 2231 1086 2296 ubi
1105 2231 1192 2296 citra
1211 2229 1392 2295 materiam

182 2357 224 2423 15
247 2352 338 2419 idem
354 2362 388 2420 et
405 2354 550 2442 simplex
561 2378 701 2442 prorsus
717 2363 769 2422 eat
783 2364 933 2444 punctus
951 2357 1009 2443 qui
1025 2356 1213 2439 indicatur,
1229 2365 1307 2423 cum
1324 2377 1391 2442 quo

247 2480 344 2546 venit
367 2480 458 2545 linea
482 2480 519 2544 in
543 2487 740 2546 contactum
764 2488 799 2546 et
823 2483 860 2547 in
884 2504 951 2568 quo
976 2482 1081 2549 sectio
1105 2481 1265 2564 efficitur3
1293 2481 1393 2566 atqui

247 2604 339 2670 inter
356 2602 667 2671 demonstrationes
687 2607 898 2693 comparatio
915 2619 985 2692 est,
1010 2606 1040 2671 si
1059 2606 1103 2672 ad
1132 2606 1267 2693 praxim
1286 2604 1391 2691 respi-

247 2731 351 2796 ciant.
368 2731 466 2796 Inter
489 2729 705 2797 mechanicos
723 2755 805 2797 vero
835 2733 932 2798 iuxta
955 2732 1091 2798 diversa
1109 2730 1193 2797 haee
1218 2729 1391 2818 principia

247 2855 400 2921 dividere
423 2857 578 2921 volentes
602 2856 787 2923 discrimen
810 2864 874 2941 est,
900 2864 1066 2943 tanquam
1089 2879 1196 2922 unum
1221 2856 1281 2941 qui
1304 2855 1391 2920 bene

180 2984 225 3046 ‘20
247 2988 282 3046 et
300 2981 386 3046 alios
407 2980 466 3064 qui
484 2982 575 3047 male
593 2989 789 3069 operantur.

335 3106 417 3172 Bor.
441 3105 641 3192 Aequiesce.
666 3108 745 3174 Una
768 3108 877 3193 igitur
905 3106 949 3173 ad
972 3114 1128 3173 exactam
1157 3106 1390 3194 operationem

247 3231 364 3316 faciet,
384 3239 538 3298 caeterae
562 3239 677 3298 autem
701 3238 885 3317 (quatenus
904 3232 1004 3299 nobis
1028 3245 1185 3299 constare
1208 3240 1322 3320 potest
1341 3232 1391 3298 di·

246 3357 415 3423 visionem
443 3381 505 3445 per
535 3356 714 3443 obliquum
745 3359 782 3423 in
814 3358 967 3424 subiecta
999 3359 1144 3424 materia
1172 3366 1290 3424 exacte
1320 3381 1390 3425 non

246 3504 347 3570 posse
365 3483 453 3566 fieri,
475 3505 541 3569 quo
561 3506 717 3569 peream
736 3485 851 3571 plures
871 3507 941 3551 nou
969 3484 1238 3571 intercipiantur
1268 3483 1392 3549 indivi-

180 3612 223 3675 ‘2¹5
247 3609 334 3675 duae
352 3613 480 3696 partes)
500 3608 608 3674 falsae
627 3608 728 3675 nobis
747 3616 849 3675 erunt
868 3618 903 3675 et
920 3610 1145 3698 improbatae.

334 3735 426 3799 Mon.
451 3734 514 3799 lta

335 3859 417 3926 Bor.
442 3860 589 3926 Centum
608 3860 723 3942 debes,
744 3882 764 3925 o
783 3859 968 3944 Mordenti,
989 3882 1051 3947 pro
1070 3867 1170 3925 tauta
1189 3859 1391 3925 inventione

246 3986 474 4053 hecatombes.
498 3988 575 4054 Iam
594 3987 687 4053 enim
703 3987 740 4052 in
756 3993 930 4074 posterum
946 3987 1023 4073 quis
1043 3986 1213 4053 haesitare
1229 3987 1344 4071 debet,
1362 3987 1392 4052 si

248 4135 471 4199 quaecunque
504 4113 688 4179 continuae
718 4112 931 4196 quantitates
963 4112 1219 4199 ponderandae,
1248 4112 1391 4178 metion-

179 4245 225 4311 30
247 4239 310 4305 dae
322 4246 355 4304 et
368 4237 476 4303 oeulis
487 4238 748 4326 quibuscunque
759 4237 1043 4325 proportionibus
1055 4237 1268 4303 definiendae
1289 4243 1293 4325 Ι
1313 4259 1392 4325 pro·
1417 4235 1499 4300 12*

338 4503 611 4570 iabliquorumque
658 4501 758 4551 2102?
780 4502 847 4552 But.
895 4503 927 4553 24
944 4501 1166 4568 interopianturi
1214 4502 1246 4552 28
1262 4501 1389 4553 hesitare
