3420 5190
555 433 736 477 rrevserro
759 434 889 477 rursmr
912 433 1061 477 svnrrvs.
1326 416 1380 473 161

240 611 327 674 quae
346 595 463 654 tamen
492 610 562 653 non
590 596 664 653 erte
691 611 755 654 neo
783 589 1045 672 deliberatione,
1066 588 1124 653 sed
1155 588 1231 674 ipsa
1258 593 1384 653 natura

239 719 401 801 aguntur.
426 712 556 792 Quinto
576 713 657 800 quia
675 721 817 802 propter
835 713 994 798 formum,
1012 736 1099 799 quae
1119 713 1203 799 quid
1222 712 1383 781 ultimum

239 846 292 904 est
310 845 414 925 atque
433 840 526 925 finis,
547 847 717 928 operatur.
739 841 844 907 Sexto
868 841 950 927 quia
968 841 1028 907 ubi
1048 848 1130 907 sunt
1153 840 1383 906 determinata

239 964 351 1029 media
370 971 405 1029 et
424 972 537 1032 certus
553 966 636 1031 ordo
653 965 859 1051 procedendi
877 932 1080 1053 inspicitur,
1100 965 1291 1031 necessario
1308 988 1385 1052 ope-

196 1088 410 1158 emtionem
441 1089 607 1155 adfinem
633 1089 715 1155 licet
741 1091 988 1176 argumentari.
1009 1054 1164 1178 Septimo
1194 1090 1384 1176 quisquae

240 1237 283 1279 ex
301 1214 539 1280 determinatis
558 1215 711 1302 migrant
722 1215 916 1303 principiis,
926 1217 970 1281 ad
989 1223 1099 1282 certos
1112 1216 1217 1281 etiam
1233 1215 1383 1281 tendunt

240 1339 340 1421 fines;
361 1362 433 1405 non
451 1341 544 1406 enim
560 1363 602 1405 ex
621 1340 775 1426 quolibet
794 1343 923 1407 semine
936 1341 1113 1428 quodlibet
1133 1340 1309 1424 educitur,
1327 1364 1384 1407 ne-

242 1488 307 1550 que
330 1488 350 1530 a
377 1465 532 1549 quolibet
550 1465 719 1531 efficiente
734 1467 891 1553 proximo
911 1466 1059 1552 quilibet
1078 1466 1229 1533 effeetus.
1251 1465 1384 1533 Octavo

242 1589 323 1674 quia
342 1589 486 1656 dubium
513 1589 556 1655 de
584 1591 761 1675 monstris,
787 1614 874 1677 quae
898 1590 1107 1677 contingunt
1137 1590 1237 1657 iniis
1258 1613 1384 1677 quaes

177 1715 220 1780 10
242 1722 366 1781 natura
387 1715 392 1804 l
412 1716 691 1804 proficiscuntur,
710 1717 845 1783 nullum
857 1723 921 1799 est3
935 1717 1016 1801 quia
1035 1725 1070 1782 et
1086 1740 1141 1782 ars
1162 1718 1385 1802 quantumvis
1412 1722 1490 1784 15Υ

243 1863 361 1907 errans
384 1864 446 1928 per
469 1841 572 1906 finem
592 1847 762 1928 operatur.
782 1842 882 1907 Nono
912 1841 993 1928 quia
1017 1842 1161 1907 dubium
1192 1841 1233 1907 de
1263 1842 1389 1909 delibe-

243 1966 391 2052 ratione,
413 1989 499 2052 quae
527 1990 599 2033 non
628 1974 773 2054 apparet
802 1968 840 2032 in
859 1975 998 2051 natura,
1019 1990 1149 2033 vanum
1169 1976 1240 2051 est,
1262 1967 1389 2032 artifex

244 2091 372 2156 etenim
389 2097 519 2177 quanto
539 2091 707 2158 maturior
730 2098 764 2157 et
788 2092 995 2178 exquisitior
1029 2098 1098 2175 est,
1128 2091 1243 2157 minus
1271 2097 1323 2176 (ut
1351 2092 1388 2157 in

244 2215 441 2282 citharoedo
460 2222 513 2282 est
535 2216 771 2299 manifestum)
792 2216 1013 2283 deliberando
1032 2216 1126 2282 iacit.
1147 2216 1289 2282 Decimo
1308 2216 1389 2303 quia

179 2341 221 2406 15
245 2342 389 2409 dubium
408 2350 584 2429 sumptum
603 2364 623 2406 a
642 2341 833 2428 bovigenis,
854 2343 914 2427 qui
934 2342 1039 2408 fuisse
1055 2342 1238 2425 dicuntur,
1259 2342 1390 2408 dirimi·

244 2474 302 2533 tur
320 2491 381 2557 por
399 2467 590 2554 vitigenas,
609 2489 696 2552 quae
715 2491 777 2533 neo
797 2491 869 2533 esso
888 2476 1032 2555 possunt
1051 2490 1162 2553 nequo
1181 2467 1296 2533 fuisse.

694 2791 878 2836 uurlcvuvs
903 2791 947 2835 VI.

319 2920 391 2960 Infert
405 2920 428 2959 ln
445 2919 513 2960 rebus
527 2916 668 2958 naturalibus
682 2926 731 2956 esso
746 2914 903 2954 necessitatem
918 2917 942 2954 et
956 2913 1058 2953 absolute
1068 2916 1090 2952 ot
1102 2924 1130 2952 ex
1144 2913 1313 2962 suppositione,

531 3000 559 3029 ex
574 2988 709 3028 necessitate
723 2984 830 3026 videlieet
844 2985 953 3025 matorlno
964 2989 1032 3035 etque
1047 2983 1107 3024 tuln.

179 3226 223 3289 20
336 3211 391 3276 Ad
410 3232 479 3290 eos,
501 3206 629 3292 iuquit,
651 3204 710 3291 qui
731 3204 807 3268 ideo
826 3203 1000 3269 hominem
1024 3203 1123 3268 aiunt
1142 3203 1268 3267 hebere
1288 3203 1392 3289 pedes

247 3348 281 3407 et
305 3359 380 3405 ossa
403 3334 562 3399 densiora
586 3330 746 3413 inferius,
771 3335 875 3416 caput
905 3336 1020 3394 autem
1045 3336 1080 3393 ot
1104 3351 1180 3393 ossa
1205 3329 1392 3415 spongiosa

247 3472 351 3550 atque
374 3460 505 3527 rariora
529 3465 563 3522 et
583 3477 768 3522 cavernosa
792 3453 968 3541 superius,
991 3453 1071 3537 quia
1095 3453 1259 3518 materiae
1279 3476 1394 3517 ueces-

248 3591 350 3655 sitate
368 3584 490 3673 gra-via
506 3583 665 3648 deorsum
680 3586 714 3645 et
730 3579 822 3645 levia
838 3600 974 3644 sursum
990 3577 1170 3658 feruntur,
1187 3578 1395 3664 responden·

249 3716 331 3780 (lum
352 3712 457 3778 talem
476 3707 739 3795 dispositionem
761 3705 835 3769 sino
857 3702 1039 3791 principiis
1059 3702 1297 3769 materialibus
1317 3725 1394 3768 cou-

183 3849 227 3911 25
250 3840 430 3906 venienter
449 3832 625 3922 dispositis
644 3854 714 3898 uon
738 3854 811 3895 esse
835 3828 992 3915 quidem,
1013 3836 1240 3894 veruntamen
1264 3836 1298 3893 ot
1322 3852 1395 3893 osse

250 3972 392 4053 proptor
421 3960 515 4028 uliud
545 3964 690 4046 oportet.
711 3956 756 4019 Et
787 3954 862 4019 ideo
886 3953 1133 4039 distinguimus
1163 3954 1395 4019 necessarium

251 4091 295 4157 ob
319 4089 424 4154 talem
450 4085 629 4150 materiam
655 4105 675 4147 a
704 4079 895 4146 necessario
913 4086 1057 4166 propter
1084 4079 1189 4144 talem
1213 4079 1330 4160 finern3
1360 4079 1397 4144 in

253 4239 348 4282 serra
366 4213 458 4279 euim
478 4218 529 4275 est
549 4206 735 4274 necessitas
755 4205 931 4287 materiae,
953 4227 1057 4290 quam
1076 4209 1213 4292 oportet
1240 4228 1312 4269 osse
1340 4205 1400 4270 du-

281 4383 337 4390 ...-
396 4376 675 4387 .-—-.—--.-..
709 4373 921 4380 --—-—--.-..

343 4463 489 4513 8roxirno
554 4460 586 4509 10
601 4457 770 4524 quatumvis
836 4457 865 4506 11
885 4455 1061 4521 eytlrareodo

392 4575 469 4614 Burin
486 4574 540 4624 Opp.
556 4573 597 4610 lul.
613 4571 634 4619 1,
652 4571 674 4612 4.
