3420 5190
708 446 927 511 uopnrmmvs
1328 428 1387 487 239

250 607 375 674 minori
399 614 434 672 et
464 604 822 693 incomprehensibili,
853 603 968 690 capias
999 602 1164 667 maiorem
1194 600 1387 688 oppositam

249 740 396 822 partem,
417 754 559 817 eamque
579 729 684 796 simili
703 731 813 795 forma
833 728 1001 793 sexdecim
1025 727 1159 793 vicibus
1178 750 1239 813 per
1261 726 1388 790 lineam

249 858 399 946 positam
416 857 588 940 deducite,
609 862 643 920 et
662 862 745 921 nota
763 854 895 942 pariter
926 860 1010 939 quot
1033 861 1149 939 partes
1176 850 1390 915 intrent-seu

252 981 585 1070 comprehendantur
598 981 660 1046 sub
674 979 832 1065 vestigiis
846 978 1061 1044 deductionis
1073 976 1212 1042 maioris
1225 976 1343 1064 partis,
1358 984 1391 1039 et

207 1117 228 1180 5
251 1108 441 1174 necessario
460 1106 567 1173 habes
586 1106 761 1171 residuum
777 1105 864 1170 illud
882 1104 973 1191 quod
989 1103 1139 1190 pertinet
1156 1102 1199 1167 ad
1213 1101 1390 1182 minorem,

252 1241 293 1299 ut
315 1234 380 1299 hac
406 1234 518 1298 forma
537 1232 579 1297 de
608 1230 752 1296 minutis
771 1238 850 1317 post
868 1229 1010 1316 gradus,
1028 1229 1070 1293 de
1087 1227 1258 1311 secundis,
1280 1226 1392 1291 tertiis

253 1367 358 1443 atque
391 1358 534 1424 caeteris
566 1356 795 1422 fractionibus
823 1362 902 1442 post
924 1355 1060 1420 minuta
1089 1355 1205 1419 valcas
1236 1352 1391 1434 definire,

254 1484 474 1569 quoadusque
491 1483 534 1548 ad
552 1483 740 1571 perfectam
757 1481 935 1547 deveneris
954 1480 1198 1568 operationem.

341 1610 424 1675 Bor.
448 1608 510 1674 Vis
529 1631 610 1694 ergo
630 1614 669 1673 ut
688 1608 814 1672 iterum
833 1613 936 1692 atque
955 1606 1079 1671 iterum
1099 1604 1258 1692 ponendo
1277 1602 1393 1668 sexde-

189 1740 232 1804 10
255 1737 322 1802 cim
340 1734 475 1801 vicibus
498 1734 599 1798 modo
619 1733 782 1798 maiorem
801 1740 950 1819 partem,
969 1732 1070 1796 modo
1095 1731 1262 1795 minorem
1286 1751 1394 1813 usque

255 1862 298 1927 ad
318 1859 599 1947 comprehensum
618 1858 829 1923 fractionum
848 1857 1063 1923 sensibilium
1083 1856 1301 1921 individuum
1319 1878 1395 1943 pro

255 1987 389 2070 cedam,
414 1984 597 2050 dnmmodo
622 1984 664 2049 ad
688 1983 798 2070 partis
830 1983 972 2049 minoris
996 1982 1162 2047 iudicium
1192 2004 1254 2066 per
1284 1981 1395 2068 ipsam

255 2119 390 2200 partem
409 2109 579 2176 sexdecim
603 2109 738 2175 vicibus
762 2109 901 2174 ductam
925 2109 1091 2195 accipiam
1116 2108 1207 2193 quod
1230 2107 1394 2190 habetur,

256 2237 299 2303 ad
325 2235 492 2302 iudicium
523 2243 638 2301 autem
668 2235 810 2300 minoris
830 2234 940 2322 partis
969 2258 1031 2321 per
1057 2234 1222 2299 maiorem
1250 2233 1395 2298 totidem

192 2363 233 2427 ll)
257 2362 396 2428 ductam
413 2361 548 2428 vicibus
563 2361 729 2447 accipiam
747 2362 837 2447 quod
857 2361 1034 2447 supererit.
1051 2361 1123 2425 Nec
1138 2360 1275 2424 differre
1290 2382 1335 2424 an
1351 2358 1395 2424 ab

257 2509 326 2553 uno
346 2511 390 2553 an
408 2487 452 2553 ab
472 2488 580 2552 altero
598 2487 732 2574 positae
751 2487 862 2553 lineae
881 2494 1032 2552 extremo
1051 2485 1260 2574 progrediar.

346 2613 435 2680 Mos.
461 2614 515 2679 Ita
535 2613 615 2678 fere.

727 2893 826 2958 CAP.
853 2893 930 2959 Vll.

458 3038 571 3089 Medium,
585 3049 629 3087 quo
641 3038 751 3087 probatur
761 3050 806 3078 non
819 3038 911 3078 differre
923 3042 996 3078 utram
1009 3037 1085 3088 coplas
1097 3041 1198 3088 portem,

641 3111 677 3150 rel
689 3114 740 3149 utro
752 3111 853 3150 metiaris
865 3111 893 3150 ab
905 3115 1016 3150 extremo.

347 3351 413 3418 Sed
431 3354 512 3439 quia
527 3354 622 3419 vides
639 3354 689 3418 nil
708 3355 818 3439 magis
837 3355 1000 3419 interesse
1017 3378 1062 3419 an
1078 3354 1245 3419 minorem
1263 3360 1397 3440 partem

259 3479 374 3565 capias
400 3503 444 3544 an
472 3480 648 3564 maiorem,
669 3503 774 3561 nunc,
794 3480 824 3545 si
846 3480 956 3563 lubet,
976 3485 1015 3545 ut
1034 3479 1144 3564 magis
1172 3478 1398 3544 determinato

259 3610 294 3668 et
317 3604 440 3670 maiori
459 3605 628 3671 facilitate
652 3605 814 3692 opereris,
834 3628 967 3692 semper
990 3604 1154 3669 maiorem
1173 3604 1274 3669 toties
1298 3603 1399 3670 dedu·

261 3729 403 3795 cendam
424 3731 556 3814 quoties
572 3730 664 3795 facto
681 3753 768 3817 opus
786 3730 891 3795 suerit
908 3730 1088 3796 adsumite.

197 3855 241 3920 ‘25
352 3856 435 3920 Bor.
460 3855 600 3942 Optime
624 3857 722 3942 capio
753 3856 932 3922 tersissimi
952 3855 1084 3942 ingenii
1103 3855 1155 3920 tui
1186 3856 1354 3936 fructum,
1380 3877 1400 3918 o

260 3981 446 4063 Mordenti3
468 4005 588 4047 verum
607 3982 780 4048 enimvero
799 3989 847 4067 ut,
864 3982 954 4067 quod
970 3981 1056 4046 mihi
1072 3981 1156 4047 satis
1175 3992 1226 4045 est
1245 4004 1401 4067 perspec-

261 4114 389 4172 tumet
417 4107 512 4172 omni
543 4108 742 4174 roboratum
770 4131 871 4173 sensu
890 4114 925 4172 et
944 4108 1077 4172 ratione
1108 4113 1257 4192 constat,
1291 4107 1401 4173 adhuc

261 4233 291 4297 si
311 4231 386 4298 fieri
403 4242 518 4320 potest
542 4234 833 4320 adflquantumvis
856 4233 994 4298 tardum
1018 4255 1236 4318 crassumque
1260 4232 1401 4299 conrin-

1124 4372 1217 4380 -—-

355 4430 385 4479 12
402 4427 541 4478 indicium
605 4428 634 4479 17
650 4428 697 4478 Ita
712 4429 756 4479 fer
818 4426 897 4477 2682?
914 4425 1036 4476 abbiamo
1050 4425 1318 4495 appiuntolcvirpole
1332 4427 1402 4493 dopo

265 4515 299 4562 ut
312 4524 325 4560 e
338 4509 409 4576 dopo
421 4514 536 4561 constat
