3420 5190
598 695 1042 805 PRAEMISSA

311 931 381 995 on
415 929 553 994 nura
587 927 817 1007 musore
852 927 960 993 run
995 927 1320 1013 sruonrms

490 1149 544 1184 ’ΝΜ
562 1148 588 1183 m
608 1147 697 1183 Acrvu
714 1148 747 1182 ΕΤ
764 1147 916 1181 nomiman
933 1145 1135 1195 omnisomnis,

375 1249 446 1295 QVAE
465 1249 568 1286 arcion
585 1249 612 1283 ln
630 1247 721 1282 svm
738 1245 913 1282 TERHINORVM
930 1245 1018 1280 savio
1036 1245 1101 1281 POST
1119 1245 1251 1281 nunsula.

200 2093 221 2156 5
333 2083 405 2146 Ens
423 2079 598 2145 interdum
618 2079 803 2164 aequivoce
822 2077 986 2160 sumitur,
1007 2078 1144 2163 quando
1158 2102 1283 2144 nomen
1302 2081 1387 2146 etei

243 2206 337 2292 quod
357 2211 408 2271 est
431 2212 467 2270 et
496 2205 528 2269 ei
552 2203 644 2290 quod
663 2226 733 2268 non
758 2211 810 2269 θεῖ
834 2225 1014 2268 commune
1033 2203 1180 2290 capitur.
1200 2204 1290 2270 Nam
1309 2229 1387 2271 cum

243 2330 442 2397 denominat
461 2328 631 2415 quidquid
646 2351 708 2415 per
723 2327 867 2393 verbum
887 2335 946 2393 est
965 2327 1152 2413 indicatur,
1173 2351 1258 2394 esse
1275 2331 1318 2396 ab
1335 2355 1388 2397 ac·

245 2456 390 2540 quivoco
411 2453 501 2519 entis
520 2453 661 2519 nomine
685 2452 895 2539 intelligitur
920 2452 1086 2520 derivare.
1115 2454 1272 2521 Dicimus
1295 2457 1387 2523 enim

243 2588 319 2646 tum
338 2579 511 2645 mundus
530 2584 591 2644 est
610 2601 692 2662 ene,
712 2585 788 2643 tum
807 2577 1021 2643 Chimaera
1039 2585 1195 2646 estnon
1218 2603 1302 2667 ens,
1326 2582 1388 2648 ubi

182 2715 225 2779 10
246 2707 390 2774 verbum
407 2705 665 2773 substantivum
677 2710 739 2771 est
754 2703 792 2770 in
806 2704 974 2771 anibabus
990 2704 1207 2772 orationibus
1223 2713 1390 2776 extremo-

244 2856 322 2900 rum
347 2840 399 2897 θεῖ
421 2831 665 2919 copulativum.
690 2831 870 2897 Interdum
894 2831 1044 2897 sumitur
1068 2832 1229 2918 univoce,
1251 2836 1389 2919 quando

245 2958 434 3025 secundum
452 2956 729 3044 propriissimam
748 2963 853 3041 atque
872 2956 1200 3044 principalissimam
1218 2960 1389 3046 significa-

244 3083 374 3150 tionem
393 3089 594 3168 usurpatur,
615 3088 650 3146 et
667 3080 796 3145 dicitur
814 3080 856 3145 (le
879 3081 922 3147 iis
947 3104 1035 3167 quae
1054 3081 1091 3148 in
1110 3105 1179 3148 uno
1200 3084 1387 3171 eodemque

246 3215 327 3274 sunt
345 3230 470 3293 genere
490 3205 721 3286 substantiae;
739 3205 931 3271 accidentia
948 3205 1040 3271 enim
1059 3230 1131 3272 non
1150 3207 1314 3275 dicuntur
1333 3235 1388 3278 en·

179 3335 221 3399 15
244 3333 306 3415 tia,
320 3332 379 3397 sed
399 3333 403 3419 Ι
424 3331 567 3396 entium.
580 3328 779 3414 Aliquando
790 3330 918 3396 dicitur
936 3331 1128 3417 analogice,
1149 3333 1209 3399 ubi
1222 3342 1296 3400 tum
1310 3338 1388 3403 snb-
1411 3340 1505 3403 a4¹⁸
1520 3340 1575 3401 M

244 3457 406 3540 stantiae,
425 3454 467 3521 de
486 3478 554 3541 qua
569 3453 810 3541 principaliter
828 3454 968 3539 dicitur,
983 3463 1057 3522 tum
1077 3457 1327 3545 accidentibus,
1347 3462 1388 3528 de

244 3582 369 3668 quibus
399 3603 461 3667 per
494 3579 786 3666 comparationem
810 3602 850 3644 ac
873 3589 1066 3668 respectum
1095 3584 1265 3668 (piendam
1293 3610 1388 3673 prae

245 3708 393 3789 dicatur,
422 3714 460 3771 ut
489 3727 670 3771 commune
697 3704 861 3790 quiddam
888 3706 1067 3793 accipitur.
1092 3707 1189 3774 Sicut
1217 3710 1310 3776 onim
1338 3736 1388 3778 sa-

244 3856 328 3899 num
340 3832 491 3920 primum
504 3830 642 3916 quidem
657 3829 698 3894 de
717 3830 861 3895 animali
875 3830 912 3896 in
928 3833 1083 3899 eucrasia
1096 3835 1243 3919 quadam
1264 3839 1389 3902 consti-

178 3968 223 4031 ‘20
245 3964 334 4041 tuto,
355 3980 435 4023 mox
454 3956 496 4021 de
518 3964 631 4043 parte,
652 3954 836 4037 medicina,
856 3955 1061 4043 nutrimine,
1082 3962 1388 4046 symptomatibus,

245 4083 368 4169 siguis,
389 4080 583 4162 effectibus;
603 4079 653 4144 ita
670 4102 730 4145 ens
753 4079 866 4166 primo
890 4081 1019 4148 dicitur
1040 4084 1082 4150 de
1108 4085 1320 4170 substantia,
1341 4113 1390 4153 so

245 4207 357 4275 cundo
376 4206 418 4272 de
436 4206 494 4272 via
518 4205 561 4270 ad
585 4204 829 4290 substant-iam,
848 4209 1071 4292 generatione
1095 4218 1129 4275 et
1153 4213 1386 4299 corruptione,

338 4468 354 4518 2
372 4465 532 4533 synonimis
547 4465 577 4515 M
582 4464 605 4516 Τ
664 4466 695 4516 lo
711 4465 848 4534 quaedam
868 4465 891 4517 G
