3420 5190
469 422 580 466 svium
602 421 822 469 resurremus
842 424 1156 471 nnrlrrrrsrcosvu.
1330 413 1385 471 1‘25

699 727 930 794 Gourassrro.

331 983 429 1049 Sicut
445 984 483 1050 in
499 985 733 1072 superioribus
749 986 948 1052 notavimus
968 986 1124 1052 ordinem
1140 995 1244 1074 atque
1256 986 1384 1074 gradus

242 1109 485 1194 cognoscendi,
506 1132 680 1176 accessum
710 1110 876 1177 maiorem
904 1117 1008 1196 atque
1028 1111 1210 1197 minorem,
1230 1135 1295 1177 nec
1316 1136 1386 1178 non

241 1243 276 1297 ct
295 1257 465 1301 recessum
485 1237 651 1302 maiorem
667 1243 771 1323 atque
790 1237 959 1303 minorem
976 1261 996 1303 a
1011 1237 1086 1304 luce
1102 1247 1206 1323 atque
1223 1238 1385 1304 tenebris.

196 1356 217 1419 ὗ
240 1360 338 1425 Tunc
357 1360 463 1427 etiam
479 1361 607 1448 gradus
622 1362 889 1449 comparationis
908 1363 1138 1449 intelligimur
1154 1363 1384 1447 distribuisse,

241 1486 369 1571 quique
386 1487 546 1570 maxime,
568 1487 696 1574 quique
717 1487 872 1573 minime,
891 1487 1018 1574 quique
1038 1491 1043 1575 1
1063 1488 1296 1573 mediocriter,
1317 1512 1386 1554 ma·
1411 1488 1509 1551 125
1521 1490 1576 1552 M

238 1611 292 1697 gis
321 1619 425 1698 atque
453 1613 567 1678 minus
594 1620 645 1678 est
671 1614 923 1679 intellectivum
951 1621 1056 1700 atque
1084 1614 1161 1680 aliis
1189 1614 1384 1680 rationibus

240 1740 530 1825 cognoscitivum,
551 1740 774 1827 intelligibile
791 1741 875 1806 item
894 1748 998 1827 atque
1017 1741 1094 1807 aliis
1118 1740 1311 1807 rationibus
1330 1763 1384 1805 co·

238 1864 439 1950 gnoscibile.

673 2132 948 2198 Gonrnrunusro.

327 2361 564 2448 Intelligentia
583 2363 740 2451 superior
762 2363 878 2429 altiori
897 2364 1012 2449 modo,
1041 2363 1250 2451 simpliciore
1274 2369 1378 2449 atquo

238 2486 380 2553 clariore
418 2489 594 2576 cognoscit
630 2513 688 2575 ee,
728 2513 814 2576 quae
850 2490 1006 2577 potentia
1036 2490 1265 2577 apprehendit
1296 2489 1382 2554 infe·

238 2612 318 2679 rior.
338 2614 386 2679 Hi
405 2614 497 2680 eninr
516 2615 581 2681 etsi
604 2638 707 2681 sensu
731 2638 802 2681 non
821 2616 892 2681 sint
909 2615 1073 2703 praedit-i,
1098 2638 1138 2681 ea
1162 2622 1278 2681 tamen
1295 2636 1383 2699 qnae

236 2760 299 2825 per
326 2762 445 2805 sensus
476 2747 733 2827 cognoscuntur
760 2741 902 2806 minime
920 2763 977 2807 eos
1007 2742 1114 2806 latere
1142 2739 1382 2806 arbitrandum

173 2871 213 2935 15
236 2870 297 2929 est.
332 2865 554 2952 Cognoscuni
584 2889 665 2954 ergo
684 2867 861 2933 sensibilia
890 2888 961 2932 non
980 2890 1042 2954 per
1060 2889 1208 2950 sensum,
1236 2865 1296 2931 sed
1320 2887 1382 2951 per

236 3012 373 3056 sensum
407 2992 583 3058 meliorem
615 2998 648 3058 ct
683 2993 747 3058 sub
780 2992 914 3058 ratione
944 2992 1095 3058 melioris
1124 2989 1379 3074 sensibilitatis,

235 3116 317 3182 item
352 3139 414 3204 per
449 3117 703 3204 simpliciorem.
737 3117 832 3195 Quae
870 3117 999 3205 quippe
1032 3137 1095 3182 nos
1131 3115 1290 3202 pluribus
1329 3136 1381 3180 co-

234 3242 433 3327 gnoscimus
458 3244 629 3328 sensibus,
654 3244 846 3331 superiores
869 3252 1014 3309 naturae
1038 3263 1106 3308 uno
1130 3264 1232 3307 sensu
1255 3240 1379 3305 melius

235 3367 516 3453 apprehendunt;
548 3369 803 3455 simplicissima
827 3391 909 3436 vero
940 3368 1096 3435 omnium
1125 3365 1380 3454 simplicissimo

168 3495 213 3558 ‘20
236 3494 352 3559 omnia
372 3495 550 3580 cognoscit
578 3493 720 3560 intuitu.
745 3494 843 3559 Sicut
870 3516 951 3580 ergo
982 3499 1120 3559 moneta
1138 3490 1322 3579 pretiosior
1341 3491 1379 3557 in

235 3618 478 3704 singularitate
505 3618 765 3707 comprehendit
789 3642 889 3685 omne
916 3619 1081 3706 pretium,
1107 3617 1198 3704 quod
1223 3624 1382 3682 monetae

236 3744 417 3810 inferiores
437 3746 500 3810 sub
525 3744 726 3832 pluralitate
745 3744 1024 3832 apprehendunt,
1049 3751 1084 3809 ct
1108 3743 1198 3809 sicut
1222 3742 1260 3808 in
1279 3749 1382 3808 tetra·

234 3892 326 3955 gono
346 3878 397 3935 cst
423 3871 614 3955 trigonum,
644 3871 681 3936 in
709 3869 883 3957 decagono
908 3878 1144 3958 pentagonum
1173 3876 1208 3935 ei
1235 3869 1380 3954 hexago

234 4016 317 4061 num
337 4002 419 4079 etc,
437 3995 486 4061 ita
501 3995 537 4060 in
555 3995 684 4062 virtute
704 3994 889 4083 superioris
908 4004 942 4060 et
963 3998 967 4081 Ι
988 3994 1090 4061 unius
1114 3993 1310 4060 intellectus
1329 4000 1380 4059 est
1405 3999 1504 4062 515
1518 3996 1560 4063 G

327 4239 380 4288 15
403 4237 546 4302 tenebris,
571 4238 612 4288 its
637 4238 723 4288 otiam
754 4236 778 4288 0
841 4239 857 4289 6
878 4236 1012 4303 quodque
1040 4242 1103 4287 tntis
1128 4251 1141 4285 e
1165 4242 1206 4286 irc
1223 4234 1246 4285 is
1265 4233 1329 4284 solie
1355 4234 1380 4283 (i

236 4323 274 4370 11.
294 4321 323 4369 12
344 4320 511 4385 simpliciori
531 4323 618 4382 ntqne
641 4320 755 4370 clariori
779 4319 803 4369 (i
883 4320 921 4368 12.
933 4319 962 4368 13
988 4318 1110 4370 inferior
1136 4319 1174 4367 d:
1205 4316 1326 4367 interior
1349 4315 1381 4365 Μ

235 4406 271 4452 13.
285 4405 314 4453 11
336 4401 591 4468 Hi·praoditi-aos]
610 4403 916 4467 lituo-prsoditao-eas
935 4403 959 4451 (ι’
1023 4403 1054 4450 15
1071 4416 1205 4452 senense
1223 4399 1334 4465 rapinae
1355 4402 1378 4451 (sl

236 4488 273 4538 ro.
287 4486 316 4534 l‘i
333 4485 543 4536 sensibilitatis.
559 4484 632 4535 Item
646 4498 697 4550 por
710 4484 913 4553 simpliciorem
932 4498 1005 4551 quse
1021 4483 1052 4534 M
