3420 5190
493 440 604 485 svnua
626 440 846 486 TERMINORVM
866 439 1180 485 narnnnrsmonvn.
1350 425 1408 482 103

264 624 343 666 erce
368 608 402 664 et
421 599 464 664 ab
488 620 557 664 uno
576 596 690 663 medio
714 620 774 662 seu
793 605 927 681 centro,
947 597 1008 662 ubi
1031 595 1274 684 principaliter
1303 594 1412 661 consi-

234 705 238 714 *
263 727 339 810 stit,
364 723 513 790 offundit
536 722 647 788 lucem
671 729 706 788 et
730 723 892 806 calorem,
917 722 1082 788 divinitas
1106 744 1187 787 vero
1211 721 1308 787 nullo
1334 722 1408 788 loco

263 851 418 935 astricta,
438 872 540 937 super
556 870 693 914 omnem
712 848 818 914 situm
835 856 939 934 atque
954 855 1091 935 tempus
1107 847 1311 932 consistam,
1330 846 1407 912 aliis

263 977 300 1042 in
328 976 430 1041 rebus
458 973 686 1062 principalius
714 997 786 1039 osse
814 972 953 1039 videtur
980 981 1122 1061 propter
1150 972 1408 1060 principalioris

220 1107 240 1169 5
264 1102 407 1167 effeetus
426 1099 674 1184 conditionem,
695 1122 772 1165 cum
797 1122 859 1186 pro
884 1123 944 1165 sua
968 1099 1184 1166 absolutione
1208 1099 1337 1185 ubique
1356 1121 1408 1164 ae·

266 1227 414 1313 qualiter
432 1233 507 1291 teta
525 1225 564 1290 in
587 1225 754 1291 innnenso
774 1225 885 1312 spatio
910 1226 1085 1291 consistat.
1105 1226 1259 1291 Rursum
1283 1225 1320 1290 in
1339 1223 1409 1289 sole

265 1353 348 1418 haec
364 1352 433 1417 tria
449 1360 616 1437 tanquam
636 1375 706 1418 una
721 1352 917 1418 substantia
945 1358 980 1417 et
996 1353 1063 1418 duo
1080 1351 1272 1417 accidentia
1288 1351 1412 1417 distin-

264 1484 431 1565 guuntur;
449 1501 510 1544 sua
528 1500 610 1544 vero
625 1477 693 1543 tria
713 1478 751 1542 in
766 1477 965 1563 divinitate,
983 1477 1072 1543 sicut
1089 1485 1123 1542 et
1142 1476 1323 1565 innumera
1340 1476 1408 1542 alia

264 1603 464 1690 praedicata
492 1626 581 1690 quae
605 1603 671 1669 sub
695 1624 813 1668 eorum
841 1603 1002 1688 analogia
1021 1608 1255 1686 recensentur,
1277 1602 1410 1666 nullam

201 1730 243 1793 10
265 1729 405 1794 omnino
425 1728 559 1794 faciunt
582 1728 851 1794 distinctionem.

356 1832 590 1920 Nihilominus
609 1861 751 1942 propter
770 1853 1072 1940 contemplationis
1095 1851 1357 1940 neceslsitatem
1376 1859 1410 1916 et
1438 1850 1538 1915 102
1551 1851 1606 1913 Μ

270 1979 425 2045 ordinem
445 1980 513 2043 tria
532 1979 570 2044 in
594 1979 778 2045 divinitate
801 1979 964 2045 distincte
988 1977 1196 2065 speculanda
1220 1999 1282 2064 pre
1308 1984 1413 2063 captu

267 2104 401 2191 ingenii
425 2104 536 2170 nostri
559 2105 761 2192 accipimus:
786 2105 970 2170 essentiam
994 2126 1117 2190 nempe
1140 2103 1237 2168 iuxta
1261 2101 1414 2190 praedic·

270 2238 324 2296 tas
347 2231 511 2314 rationes,
543 2231 730 2297 seeundum
761 2254 863 2317 quam
890 2230 1136 2317 paternitatem
1161 2229 1199 2294 in
1228 2229 1413 2295 divinitate

206 2361 247 2424 15
271 2356 511 2438 nominabantq
531 2355 802 2442 intelligentiam
825 2363 992 2443 tanquam
1011 2362 1130 2421 tantae
1153 2354 1323 2421 essentiae
1347 2354 1415 2441 pri-

272 2504 365 2545 murn
386 2481 546 2547 effectum
563 2492 666 2567 atque
683 2490 902 2547 coaeternum
917 2481 1048 2548 Filium
1064 2481 1306 2570 appellabant3
1324 2503 1416 2547 arno·

271 2630 363 2692 rem,
381 2608 440 2693 qui
460 2631 502 2673 ex
526 2615 694 2696 conceptu
709 2609 980 2697 pulchritudinis
996 2609 1033 2674 in
1049 2617 1149 2675 tanta
1172 2611 1270 2696 prole
1284 2608 1416 2698 perspi-

272 2756 367 2816 cuae,
388 2756 490 2818 quern
510 2757 676 2821 magnum
695 2734 862 2801 daemona
881 2735 1114 2823 appellabant.

362 2859 601 2946 Intelligentia
626 2883 707 2947 ergo
736 2868 787 2927 est
810 2861 929 2927 divina
954 2861 1122 2947 quaedam
1146 2862 1213 2946 vis,
1238 2862 1343 2927 insita
1367 2885 1416 2927 re·

206 2994 251 3056 ‘20
274 2984 339 3049 bus
359 2984 519 3050 omnibus
539 3008 615 3051 cum
636 2993 714 3052 actu
734 2986 956 3072 cognitioniS,
977 3010 1046 3072 qua
1065 2986 1180 3054 omnia
1199 2987 1413 3073 intelligunt,

273 3110 430 3176 sentiunt
449 3118 484 3176 et
502 3113 808 3199 quomodocunque
827 3121 1050 3198 cognoscunt.
1079 3113 1199 3200 Neque
1223 3114 1315 3179 enim
1339 3114 1413 3179 sine

274 3235 471 3322 cognitione
491 3261 598 3325 eaque
618 3239 785 3305 altissima
805 3246 909 3325 atque
926 3238 1232 3325 profundissimae
1251 3240 1415 3305 subiectis

275 3360 350 3426 istis
374 3384 445 3427 non
461 3373 593 3429 remota
613 3365 741 3450 ubique
768 3363 980 3451 usqueadeo
1004 3364 1158 3429 mirabili
1186 3365 1416 3432 architectura

275 3496 464 3554 nascuntur
487 3489 667 3574 animalia,
692 3491 832 3577 plantae
855 3498 890 3555 et
914 3490 983 3555 alia
1005 3489 1234 3577 heterogenea
1258 3512 1413 3579 corpora,

208 3613 250 3676 ‘25
274 3612 325 3677 ita
349 3621 388 3678 ut
418 3614 533 3679 omnia
566 3614 602 3679 in
634 3615 704 3680 suis
734 3615 896 3681 membris
926 3638 1034 3702 usque
1065 3616 1149 3682 adeo
1178 3616 1330 3683 mirabili
1358 3640 1416 3683 va·

275 3738 399 3803 rietate
418 3739 539 3804 mundi
559 3740 712 3807 universi
730 3741 993 3808 similitudinem
1013 3752 1087 3807 tum
1108 3742 1143 3807 in
1168 3749 1257 3826 tote,
1282 3750 1356 3808 tum
1380 3743 1418 3808 in

278 3864 437 3950 partibus
470 3866 635 3949 retinent,
666 3890 706 3932 ac
734 3868 850 3933 omnia
879 3891 978 3934 suum
1013 3892 1085 3933 osse
1116 3890 1317 3934 conservare
1351 3876 1419 3934 stu·

277 3987 372 4072 dent,
395 3992 606 4057 contrarium
623 3992 776 4079 fugiunt,
796 3993 881 4059 utile
904 4002 1166 4081 persequuntur.
1186 3994 1307 4081 Neque
1326 3995 1418 4061 eninr

279 4113 353 4180 sine
379 4117 494 4202 aliquo
523 4142 624 4184 sensu
654 4119 708 4184 vol
744 4119 942 4205 cognitione
976 4127 1091 4207 (quam
1124 4119 1243 4185 rudius
1270 4120 1419 4207 philoso-

282 4276 365 4284 —
380 4279 400 4285 -
557 4280 792 4287 ---.-—..—.---
1001 4280 1122 4287 ..-.—--
1158 4281 1204 4286 ,..-
1221 4280 1414 4289 .--———.-

370 4353 691 4421 lpriu-lprincipalius
706 4355 737 4405 l!
800 4357 829 4406 12
847 4354 988 4407 destincte
1006 4355 1038 4406 M
1099 4357 1130 4406 14
1147 4357 1303 4407 secundum
1324 4373 1372 4406 oni.
1394 4359 1418 4404 (l

280 4436 309 4484 15
326 4435 559 4497 intelligentium,
578 4451 662 4502 quam
678 4437 818 4488 tonteeG
882 4439 912 4487 16
929 4435 1147 4489 coeternumd!
1208 4439 1238 4487 17
1255 4436 1303 4503 qui
1323 4438 1416 4488 onie

279 4515 319 4565 27.
331 4518 363 4567 ’.Β
379 4516 515 4568 studeant
527 4534 539 4566 e
551 4516 666 4582 fugiunt
678 4534 690 4567 e
704 4526 913 4585 persequuntur
927 4518 950 4568 G
