3420 5190
488 416 600 459 svnnn
621 416 841 462 rnnumonvn
861 418 1174 463 narmnrsmonvn.
1362 406 1401 463 89

255 594 340 658 gum
368 594 439 637 non
468 572 652 658 differunt,
678 573 737 640 se‘d
766 584 849 641 sunt
879 574 987 658 idem;
1007 599 1071 641 nee
1099 597 1169 642 non
1197 576 1235 641 in
1260 575 1400 641 infinita

256 701 400 788 sphoera
420 700 610 766 maximum
636 701 760 786 latum,
780 702 969 768 maximmn
988 704 1131 789 longum
1156 713 1191 770 et
1210 703 1400 770 maximum

255 826 469 915 profundum
500 837 582 892 sunt
607 827 760 913 undique
789 851 906 893 unum.
928 830 983 895 Ita
1002 829 1040 894 in
1066 829 1142 916 ipsa
1167 829 1307 896 infinita
1332 854 1403 895 mo·

256 955 357 1040 node,
388 957 503 1022 omnia
537 955 788 1043 complectente
822 981 909 1043 quae
947 959 1100 1024 numeris
1139 971 1400 1045 comparantur,

211 1087 372 1154 bomnia
399 1087 435 1151 in
464 1086 689 1172 simplicitate
715 1095 750 1152 et
779 1086 915 1152 unitate
944 1096 979 1152 et
1006 1086 1191 1154 identitate
1215 1098 1297 1154 sunt
1325 1112 1401 1154 exa·

255 1212 432 1278 minanda.

632 1460 804 1526 XXXIV.
829 1462 1019 1527 Drvsnsvn.

342 1711 434 1776 Hinc
454 1711 610 1797 sequitur
629 1712 666 1775 in
686 1711 745 1778 illo
765 1711 854 1777 nihil
873 1735 944 1778 esse
963 1711 1151 1798 diversum,
1175 1714 1395 1800 quemadmo-

252 1834 335 1900 dum
354 1858 374 1901 a
394 1837 568 1922 categoria
584 1837 815 1923 distinguitur
831 1861 1003 1903 summum
1022 1861 1131 1925 genus
1151 1863 1171 1904 a
1190 1864 1323 1906 summo
1342 1864 1397 1926 ge-

187 1955 231 2018 10
254 1983 347 2044 nere,
369 1971 547 2029 aeternum
567 1985 586 2028 a
603 1962 835 2049 corruptibili,
856 1962 1044 2048 imaginale
1063 1987 1083 2029 a
1101 1965 1186 2030 reali
1203 1974 1266 2031 ete.

554 2179 576 2220 ss

611 2233 764 2298 XXXV.
793 2233 1037 2299 Dmrnnnnrm.

343 2463 462 2547 Neque
481 2461 691 2546 differentia,
710 2461 790 2546 quia
810 2482 880 2525 non
900 2473 951 2527 est
969 2484 1090 2547 genus,
1109 2485 1220 2547 nequo
1240 2464 1396 2530 continet

254 2587 369 2653 omnia
393 2587 482 2654 siout
511 2610 620 2673 genus
649 2610 728 2652 suas
756 2586 899 2672 speeies²
924 2587 1020 2653 euius
1045 2587 1151 2652 etiam
1174 2610 1246 2653 esse
1273 2587 1396 2674 depen-

252 2713 370 2779 deat-a
398 2712 585 2799 speciebus.
616 2712 735 2797 Neque
762 2712 892 2778 etenim
912 2721 964 2778 est
983 2711 1177 2778 universale
1201 2713 1239 2778 in
1261 2712 1396 2800 praedi-

187 2838 228 2901 lt')
252 2838 374 2923 cande,
395 2838 454 2903 sed
484 2838 521 2902 in
546 2837 735 2903 caussando
755 2848 790 2904 et
817 2838 854 2902 in
878 2838 1047 2927 essenssdo
1072 2839 1260 2925 Propterea
1283 2862 1394 2924 noque
1420 2856 1559 2919 87M

251 2964 465 3029 differentias
485 2963 522 3029 in
542 2987 576 3028 se
593 2963 668 3050 ipso
688 2962 876 3028 seeundum
891 2963 955 3028 hoe
974 2986 1083 3049 genus
1099 2963 1277 3050 potentiae
1303 2964 1338 3028 in
1360 2989 1395 3030 se

252 3089 420 3170 eontinet,
442 3111 553 3175 neque
572 3087 806 3153 huiuscemodi
827 3087 1033 3154 differentiis
1053 3088 1096 3153 ab
1115 3088 1192 3154 aliis
1211 3088 1396 3175 distingui·

252 3223 321 3296 tur,
341 3222 506 3299 tanquam
526 3214 562 3278 in
582 3235 651 3279 nno
670 3236 795 3299 genere
815 3213 861 3279 sit
880 3237 957 3278 eum
977 3213 1060 3297 illis,
1080 3215 1136 3279 vel
1155 3237 1197 3279 ex
1216 3237 1324 3300 aequo
1344 3215 1395 3279 di-

251 3340 373 3405 visivis
392 3339 783 3426 oppositisdifferentiis
813 3339 857 3404 ab
885 3339 1002 3404 eodem
1032 3362 1157 3425 genere
1188 3339 1393 3426 dependeat,

185 3481 229 3543 ‘20
251 3466 507 3551 atquealiquid
530 3464 639 3548 alind,
661 3464 718 3530 sed
743 3465 816 3551 ipse
836 3474 888 3530 est
912 3465 970 3550 qni
999 3488 1100 3531 omne
1122 3488 1246 3551 genus,
1277 3488 1394 3530 omnes

251 3591 466 3657 differentias
485 3602 520 3658 et
542 3614 660 3656 onmes
679 3589 808 3677 speeies
838 3591 1022 3657 constituit
1052 3591 1207 3677 physico,
1229 3590 1320 3656 unde
1340 3591 1395 3654 de·

251 3716 400 3804 pendeat
419 3717 478 3782 illa
497 3716 609 3802 logica
629 3712 841 3781 constitutio.

611 3982 783 4048 XXXVI.
812 3984 1034 4047 Paormnras.
1420 3989 1585 4056 486G

341 4208 457 4273 Habet
480 4206 739 4293 proprietatem,
762 4228 829 4289 qua
854 4205 970 4271 ornnio
994 4205 1191 4291 praedicata
1216 4204 1396 4291 perlectio-

185 4345 229 4407 ‘25
253 4334 307 4400 nis
327 4340 426 4418 (quae
448 4332 647 4417 significant
667 4330 925 4418 perfectionem)
946 4330 987 4394 de
1012 4330 1071 4395 illo
1096 4331 1261 4396 dienntnr
1285 4353 1396 4394 essen·

253 4460 397 4541 tialiter,
422 4457 633 4545 superlativo
656 4467 690 4522 et
713 4457 865 4540 infinito,
890 4456 932 4521 de
955 4455 1097 4542 reliquis
1126 4479 1206 4522 vero
1231 4456 1394 4521 dicuntur

386 4576 461 4615 nurum
475 4578 529 4625 opp.
545 4576 585 4614 lut.
598 4575 618 4623 l,
632 4574 652 4616 t.
1210 4574 1233 4612 tr
