3420 5190
621 439 667 484 uu
686 438 872 484 uonnaurn
892 436 1034 485 omnmo.
1342 423 1400 482 251

255 595 365 679 lineis,
383 618 470 682 quae
485 595 598 660 tribus
617 594 720 660 rectis
737 593 839 659 lineis
856 593 946 658 datis
963 599 1044 658 sunt
1060 593 1228 679 aequales,
1245 591 1401 678 triangu-

255 717 327 785 lum
348 718 581 785 constituere?
595 718 682 784 Cum
695 725 811 784 centro
823 739 913 783 unus
926 739 1103 783 cursorum
1115 717 1284 783 minorem
1295 717 1402 782 inter-

256 845 377 932 cipiet,
403 844 490 910 alter
513 866 596 911 vero
620 843 782 928 mediam,
801 850 842 908 ut
865 843 1061 909 cursoribus
1085 842 1169 930 ipsis
1194 842 1237 909 ad
1260 840 1401 908 maioris

255 968 511 1056 longitudinem
523 970 673 1035 extentis
691 969 817 1034 habeas
830 975 968 1055 puncta,
982 990 1002 1034 a
1016 969 1140 1053 quibus
1151 968 1274 1034 ductae
1290 967 1402 1033 lineae

211 1098 233 1162 ὃ
256 1096 452 1181 quaesitum
462 1095 545 1160 dent
559 1096 783 1181 triangulum.
795 1096 913 1161 Placet
929 1095 972 1160 ad
985 1095 1040 1172 (lul
1049 1101 1121 1162 tarn
1135 1101 1265 1161 rectam
1274 1094 1402 1160 lineam
1428 1096 1508 1161 16¹·

257 1227 292 1285 et
311 1220 356 1285 ad
375 1220 494 1286 dutum
514 1220 552 1285 in
578 1244 617 1286 ea
636 1228 805 1308 punctum
824 1220 905 1286 dato
934 1221 1061 1307 angulo
1080 1221 1259 1286 rectilineo
1279 1242 1406 1306 aequa-

256 1345 324 1410 lem
340 1347 508 1430 angulum
523 1345 740 1411 rectilineum
757 1346 989 1411 constituere?
1009 1345 1160 1433 Operare
1170 1346 1215 1412 ad
1232 1345 1404 1412 dictorum

256 1470 484 1555 quorumdam
500 1469 656 1536 formam.
670 1471 881 1559 Proponitur
899 1494 961 1558 per
980 1470 1099 1537 datum
1115 1477 1285 1559 punctum
1305 1469 1407 1536 datae

256 1603 370 1661 rectae
401 1596 512 1662 lineae
539 1597 741 1683 parallelum
773 1603 901 1662 rectam
924 1596 1052 1662 lineam
1080 1594 1228 1661 ducere?
1248 1595 1406 1683 Dispone

190 1732 233 1796 10
257 1743 411 1787 cursores
430 1730 470 1787 ut
486 1744 506 1787 a
526 1728 644 1788 centro
664 1721 909 1807 aequidietent,
928 1722 1004 1787 loca
1024 1728 1181 1787 centrum
1200 1744 1304 1809 super
1323 1722 1405 1786 dato

256 1855 401 1934 puncto,
421 1847 516 1935 aperi
536 1847 704 1912 circinum
720 1847 941 1933 quoadusque
955 1869 1108 1912 cursores
1127 1846 1284 1912 incidant
1303 1869 1406 1934 super

258 1972 339 2038 date
363 1972 466 2055 linea,
494 1996 592 2038 move
617 1996 769 2039 cursores
792 1980 832 2038 ut
856 1995 958 2061 super
981 1972 1099 2037 eadem
1123 1972 1228 2037 situm
1252 1978 1404 2056 mutent,

255 2104 376 2185 utpote
392 2099 501 2164 altero
525 2122 702 2166 cursorum
727 2123 829 2187 super
848 2101 1067 2166 extremitate
1081 2100 1193 2166 lineae
1209 2100 1338 2187 positu,
1356 2100 1403 2166 al·

255 2230 329 2290 tero
352 2248 434 2292 vero
459 2249 561 2313 super
585 2226 659 2313 ipsa
682 2227 786 2311 linea,
807 2234 958 2312 tuncque
982 2235 1139 2293 centrum
1162 2226 1269 2293 alium
1292 2250 1401 2314 puuc-

190 2354 232 2417 15
255 2357 330 2415 tum
346 2351 512 2436 ostendet,
529 2374 591 2438 per
607 2351 699 2437 quod
714 2352 879 2439 parallela
898 2351 944 2418 sit
962 2352 1127 2418 ducenda.
1142 2352 1205 2419 Vis
1221 2351 1265 2417 ad
1283 2352 1401 2418 datam

255 2484 385 2543 rectam
404 2478 531 2543 lineam
552 2477 758 2564 quadratum
778 2477 992 2544 describere?
1012 2478 1189 2565 Disposito
1209 2478 1339 2544 circino
1358 2478 1402 2545 ad

255 2605 423 2691 angulum
447 2604 664 2670 rectilineum
688 2626 778 2692 poue
802 2612 959 2671 centrum
978 2605 1016 2670 in
1033 2604 1145 2670 lineae
1168 2603 1401 2691 extremitate,

256 2730 523 2815 cursoribusque
547 2729 713 2795 ambobus
737 2729 781 2795 ad
804 2729 905 2795 datae
928 2730 1039 2795 lineae
1057 2728 1312 2816 longitudinem
1331 2730 1401 2795 dis·

254 2855 397 2943 positis,
422 2854 713 2920 circumductione
738 2853 858 2920 circini
885 2862 965 2920 ute
994 2854 1143 2941 vestigio
1169 2855 1257 2921 alter
1286 2877 1401 2921 curso·

187 2984 232 3047 ΞΟ
255 3003 332 3046 rum
352 2980 498 3046 alterum
515 2986 694 3064 sequatur,
714 2979 874 3065 quadrati
893 2979 1125 3045 constituendi
1144 2986 1274 3066 puncta
1292 2980 1402 3046 lucra·

255 3107 356 3171 beris.
376 3105 483 3191 Cupis
504 3105 541 3170 in
557 3104 638 3169 dato
657 3104 784 3170 circulo
804 3103 1012 3189 quadratum
1031 3103 1245 3169 describere?
1265 3104 1344 3169 Non
1365 3102 1402 3170 id

255 3229 411 3319 perficies
430 3228 543 3317 primo
563 3229 606 3295 ad
625 3228 873 3294 semidiametri
891 3228 985 3294 illius
1004 3229 1124 3294 circuli
1141 3229 1398 3316 longitudinem

255 3355 378 3444 positis
394 3355 612 3437 cursoribus,
637 3354 832 3439 circinoque
851 3354 895 3420 ad
914 3353 1081 3440 angulum
1104 3359 1237 3419 rectum
1256 3353 1402 3441 disposi-

255 3486 309 3562 to;
329 3486 364 3544 et
384 3478 520 3562 deiude,
542 3486 661 3546 centro
680 3478 800 3545 circini
817 3479 854 3543 iu
869 3486 986 3544 centro
1006 3478 1126 3544 circuli
1145 3479 1324 3563 collocato,
1344 3502 1401 3544 ne·

188 3609 232 3672 ‘25
256 3605 402 3670 cessario
422 3626 576 3671 cursores
595 3604 699 3692 primi
719 3604 786 3671 duo
802 3612 931 3691 puncta
955 3625 1042 3689 quae
1063 3603 1067 3693 Ι
1089 3602 1315 3689 quadrantem
1335 3611 1401 3669 ter·
1426 3608 1507 3673 16*

255 3730 390 3795 minent
414 3730 642 3812 exhibebuut;
662 3752 729 3815 quo
749 3728 888 3814 quidem
907 3728 1027 3794 habito
1045 3752 1107 3817 per
1124 3728 1228 3795 unius
1252 3728 1401 3795 cursoris

256 3855 442 3941 vestigium
476 3855 617 3921 alterius
645 3855 792 3921 cursoris
822 3855 969 3940 vestigio
1007 3853 1191 3920 succedens
1226 3854 1263 3919 in
1294 3854 1399 3941 plano

255 3988 386 4067 puncta
405 3980 691 4066 designabuntur,
712 4003 799 4066 quae
818 3979 960 4045 suntad
977 3979 1087 4044 lineas
1106 3978 1265 4064 quadrati
1285 3979 1401 4044 termi-

257 4106 389 4172 nandas
413 4106 582 4171 ordinata.
601 4105 768 4191 Nunquid
792 4127 862 4170 non
880 4104 998 4170 eadem
1022 4104 1156 4169 rat-ioue
1176 4103 1265 4169 circa
1281 4103 1401 4170 datum

258 4257 696 4266 n—--———--.-.—--.--.--—

351 4326 528 4376 loxtenctis
610 4327 646 4374 ll.
662 4325 692 4373 15
709 4324 811 4374 aliud?
835 4340 932 4373 orrcrc
951 4339 1002 4390 por
1025 4337 1108 4389 quem
1131 4324 1176 4388 (rs.
1193 4339 1225 4386 p.
1247 4324 1314 4383 249,
1335 4323 1405 4389 18st

256 4405 288 4455 20
304 4405 481 4456 costituondi
528 4406 558 4454 21
571 4405 598 4468 f.
614 4404 732 4468 Nonne,
750 4421 794 4453 nra
810 4419 951 4467 comasque
963 4401 987 4451 εἰ
1000 4406 1090 4468 teque,
1105 4400 1127 4451 il
1136 4400 1275 4466 periodo&
1291 4409 1403 4454 κοννά-

257 4491 295 4548 eo,
304 4485 403 4549 percle&
414 4486 484 4550 dopo
493 4484 521 4533 la
530 4485 621 4550 prima
630 4482 819 4549 propositione
834 4480 1047 4533 &abbandonam
1063 4482 1194 4547 lajbrmo
1204 4479 1403 4549 iuterroqatira
