3420 5190
575 446 757 494 moratum
779 446 909 494 purelcl
931 446 1082 495 AVDI'I'VS.

755 745 830 789 ΛΒΤ.
854 745 889 788 11.

582 869 655 909 Omne
669 879 761 909 morena
776 869 843 909 elmul
859 880 908 909 eene
923 880 973 910 cum
988 873 1057 909 moto.

339 1079 440 1161 Quia,
464 1077 592 1162 inquit,
618 1076 729 1142 omnis
753 1083 866 1142 motus
886 1078 940 1144 vel
964 1085 1016 1142 est
1034 1077 1119 1142 latio
1147 1078 1202 1142 vel
1230 1051 1389 1143 alteratio

249 1205 304 1270 vel
320 1209 544 1289 augmentum
567 1202 622 1269 vel
646 1201 845 1287 diminutio,
870 1208 904 1266 et
926 1202 1011 1266 latio
1030 1201 1085 1266 vel
1108 1202 1154 1266 sit
1177 1224 1198 1266 a
1216 1200 1389 1288 principio

203 1320 436 1395 5intrinseco
464 1328 555 1414 quod
589 1334 641 1393 eet
670 1327 885 1413 exagitante,
916 1327 972 1394 vel
998 1350 1018 1391 a
1047 1327 1222 1415 principio
1260 1326 1390 1392 extrin-

247 1476 323 1520 seco
348 1453 439 1539 quod
462 1460 514 1519 est
536 1454 592 1519 vel
615 1453 746 1540 pellens
769 1453 824 1519 vel
843 1452 983 1518 trahens
1007 1453 1062 1518 vel
1085 1452 1213 1519 vehens
1236 1453 1291 1520 vel
1315 1474 1389 1518 ver·

246 1585 336 1663 tens,
364 1601 578 1666 congregans
601 1581 657 1646 vel
675 1579 891 1666 disgreganS,
920 1578 1073 1666 spatheei
1096 1579 1151 1645 vel
1174 1578 1309 1660 tortesi,
1330 1578 1387 1644 vel

246 1706 408 1772 emittens
438 1705 495 1770 vel
522 1705 729 1788 immittenS,
760 1703 816 1771 vel
844 1704 1020 1770 attrahens
1055 1706 1110 1770 vel
1138 1706 1324 1792 expellens,
1349 1707 1387 1773 in

245 1831 371 1917 quibus
391 1852 524 1916 semper
547 1851 689 1895 movens
712 1836 747 1894 et
766 1835 898 1894 motum
921 1830 1069 1895 mediate
1093 1831 1314 1917 applicantur
1332 1833 1387 1897 vel

180 1952 222 2016 10
245 1956 456 2039 inmediate,
482 1955 566 2022 item
590 1954 751 2020 alteratio
775 1954 887 2020 omnis
911 1954 956 2020 sit
984 1955 1172 2021 seeundum
1201 1957 1386 2041 qualitates

244 2082 437 2166 sensibileS,
458 2080 584 2166 quibus
603 2079 742 2166 quidem
761 2103 902 2147 movens
921 2102 991 2146 non
1007 2081 1104 2168 prius
1120 2088 1290 2147 remotum
1315 2105 1387 2147 cor-

243 2229 308 2294 pus
326 2212 441 2272 movet
460 2228 564 2291 quam
582 2205 834 2293 propinquum,
854 2205 1027 2292 appositio
1051 2206 1156 2271 etiam
1181 2214 1285 2292 atque
1308 2207 1384 2272 sub·

244 2332 368 2397 tractio
387 2330 502 2398 omnis
525 2332 571 2396 sit
595 2331 649 2396 vel
668 2330 705 2395 in
738 2337 831 2396 moto
854 2330 909 2395 vel
934 2336 1077 2413 amoto;
1101 2352 1311 2418 consequens
1331 2339 1383 2398 est

243 2463 283 2521 ut
302 2479 402 2522 omne
418 2478 559 2522 movens
579 2455 626 2522 eit
644 2455 747 2520 simul
766 2478 843 2521 oum
863 2462 966 2520 moto.

176 2587 218 2651 15
329 2581 379 2646 At
398 2581 489 2667 quod
508 2581 671 2664 diximue,
691 2581 931 2646 alterationem
947 2604 1019 2647 esse
1034 2582 1221 2648 secuudum
1241 2583 1383 2649 sensibi-

241 2707 289 2773 les
312 2708 510 2793 qualitateS,
538 2706 618 2772 inde
642 2712 693 2771 eet
721 2705 956 2789 manifestum,
984 2706 1066 2793 quia
1090 2707 1277 2774 secundum
1301 2733 1383 2795 qua·

239 2834 357 2900 litatee
373 2833 414 2898 de
431 2839 554 2919 quarta
573 2831 685 2919 specie
701 2854 788 2919 quae
804 2831 848 2896 ad
868 2831 872 2918 l
893 2831 1035 2897 alterius
1046 2833 1310 2918 acquisitionem
1329 2859 1381 2900 ac·
1403 2843 1502 2924 (θ’)

239 2959 437 3048 quiruntur,
469 2967 503 3024 et
531 2956 718 3024 seeundum
746 2980 831 3042 quas
861 2957 1076 3024 substantiae
1108 2981 1178 3023 non
1205 2960 1379 3047 recipiunt

237 3084 524 3173 praedicationes»,
544 3089 579 3148 et
599 3081 778 3170 quippiam
793 3082 911 3169 perfici
930 3083 1057 3148 dicitur
1075 3092 1179 3169 atque
1195 3086 1377 3172 compleri,

171 3210 216 3277 20
237 3233 308 3276 non
327 3216 379 3274 est
395 3208 564 3275 alteratio
588 3207 708 3293 Neque
732 3207 890 3274 alteratio
910 3214 962 3273 est
984 3209 1172 3274 secundum
1193 3210 1379 3296 qualitates

241 3335 282 3401 de
301 3335 413 3423 prima
432 3333 558 3421 specie,
578 3339 618 3398 ut
633 3338 731 3419 patet
759 3338 833 3397 tum
853 3332 890 3397 in
918 3331 1095 3399 habitibus
1123 3335 1295 3421 corporeis
1320 3336 1380 3420 qui

237 3468 318 3528 eunt
346 3459 390 3526 all
418 3458 564 3544 aliquid,
597 3466 672 3524 tum
701 3458 806 3522 etiam
832 3457 869 3522 in
897 3458 1085 3524 moralibus
1112 3459 1289 3526 habitibus
1317 3461 1378 3547 qui

236 3585 420 3675 perficiunt
438 3584 631 3651 subiectum
650 3589 745 3648 etex
764 3583 889 3668 quibus
908 3584 1094 3650 secundum
1114 3584 1378 3651 delectationem

236 3721 340 3798 atque
372 3710 553 3776 tristitiam
588 3716 845 3795 consequuntur
868 3709 1021 3775 actiones
1048 3717 1152 3797 atque
1183 3713 1375 3798 passioneo,

167 3837 211 3901 25
235 3845 310 3903 tum
328 3836 468 3902 tandem
488 3834 525 3900 in
544 3834 838 3900 intellectualibus
856 3835 1033 3900 habitibus
1053 3836 1112 3921 qui
1132 3843 1166 3901 et
1185 3837 1229 3901 ad
1244 3837 1376 3924 aliquid

234 3963 396 4028 (berintur
418 3969 453 4026 et
477 3960 587 4047 magis
606 3983 668 4048 per
687 3959 837 4045 quietem
857 3961 901 4026 ab
925 3962 1002 4026 aliis
1026 3962 1177 4028 motibus
1196 3970 1230 4027 et
1249 3965 1377 4050 passio

233 4089 349 4171 nibus,
375 4110 478 4173 quam
501 4108 563 4173 per
587 4085 827 4151 alterationem
856 4094 960 4173 atque
988 4094 1120 4152 motum
1144 4087 1218 4153 fieri
1248 4089 1376 4154 intelli-

233 4222 373 4301 guntur.

322 4428 338 4476 5
348 4427 428 4490 some
439 4429 591 4489 exagitans
654 4430 668 4479 7
687 4427 797 4496 tortcei]
818 4429 945 4481 dovrobbe
962 4431 1168 4495 corriupoadere
1181 4433 1238 4482 alla
1254 4432 1369 4502 κέρκισις

230 4502 259 4558 di
272 4504 413 4557 Aristotele
427 4509 466 4570 (p.
481 4508 546 4556 243⁵
562 4508 605 4575 10)
