3420 5190
488 427 601 475 evum
620 426 840 476 rmumonvu
860 427 1172 476 mrlrnrsmonvu.
1359 414 1399 475 29

259 580 350 648 sicut
366 584 544 671 poltentia
562 583 607 650 ad
625 583 811 670 agendum,
830 583 1051 668 movendum,
1071 583 1335 671 aedificandum,
1356 584 1400 650 ad
1426 589 1487 653 19
1499 593 1556 655 Μ

259 707 509 794 generandum,
529 707 792 794 dominandum,
814 707 981 794 dandum,
1006 708 1258 797 accipiendum,
1284 709 1401 775 seden-

258 830 342 898 dum
360 840 395 898 et
419 831 594 918 standum,
620 833 718 900 iuxta
744 833 898 901 omnium
919 833 1273 922 praedicamentorum
1299 857 1400 922 gene·

258 977 310 1041 ra;
330 956 622 1044 quandoquidem,
638 965 678 1024 ut
693 981 798 1046 supra
813 957 946 1024 dictum
961 965 1025 1044 est,
1039 959 1154 1026 omnia
1170 983 1297 1047 genera
1314 960 1401 1026 divi·

214 1079 236 1143 5
258 1082 389 1149 duntur
407 1083 594 1150 secundum
612 1084 806 1171 potentiam
824 1091 859 1150 et
881 1090 1011 1169 actum,
1031 1090 1066 1150 et
1093 1084 1221 1151 idcirco
1245 1092 1343 1152 actus
1366 1092 1401 1152 et

257 1207 415 1295 potentia
434 1214 515 1274 sunt
536 1209 541 1295 Ι
561 1207 777 1275 differentiae
795 1209 886 1275 entis
904 1210 996 1276 ultra
1019 1209 1084 1277 hoc
1103 1209 1195 1296 qucd
1224 1233 1318 1277 nunc
1347 1235 1400 1278 su·
1423 1211 1533 1276 436
1545 1211 1596 1304 G

258 1339 402 1399 muntur
418 1339 458 1399 ut
477 1333 607 1422 species
624 1333 992 1422 praedicamentorum.
1011 1333 1057 1400 Et
1076 1335 1160 1401 haec
1176 1336 1334 1424 potentia
1353 1335 1402 1402 di-

258 1458 451 1544 stinguitur
480 1459 518 1525 in
542 1460 735 1527 absolutam
760 1481 819 1526 seu
843 1460 1051 1545 naturalem,
1078 1481 1147 1547 qua
1169 1459 1302 1547 aliquid
1327 1461 1403 1546 agit

258 1589 428 1669 quantum
456 1591 584 1672 potest,
611 1582 702 1651 sicut
733 1584 849 1651 omnia
871 1585 1046 1651 naturalia
1072 1592 1183 1672 agunt
1215 1586 1403 1652 secundum

193 1703 236 1767 10
258 1729 376 1776 omnes
394 1731 555 1776 numeros
575 1732 656 1776 suae
678 1709 934 1797 possibilitatis,
958 1717 999 1776 ut
1026 1710 1119 1797 ignis
1142 1710 1214 1776 urit
1233 1717 1402 1796 quantum

256 1841 387 1923 potest,
405 1834 495 1925 lapis
524 1836 695 1925 ponderat
718 1843 885 1923 quantum
912 1844 1043 1925 potest,
1067 1838 1128 1903 nix
1152 1845 1321 1925 quantum
1344 1860 1404 1925 po·

256 1965 325 2027 test
342 1959 533 2048 frigefacit3
553 1963 623 2029 alia
641 1968 694 2028 est
711 1962 869 2050 potentia
888 1961 1046 2029 ordinata
1069 1985 1129 2030 seu
1147 1963 1312 2048 limitata,
1333 1985 1401 2049 qua
1434 2025 1436 2030 ,

257 2084 374 2171 aliqua
391 2108 462 2152 non
482 2094 593 2172 agunt
611 2094 781 2173 quantum
805 2094 964 2176 possunt,
988 2086 1046 2154 sed
1065 2093 1234 2175 quantum
1262 2088 1400 2172 volunt,

257 2219 293 2279 et
310 2212 508 2280 huiusmodi
528 2220 610 2280 sunt
628 2214 785 2302 potentia
804 2236 846 2280 ex
870 2221 949 2280 actu
974 2213 1166 2281 voluntatis
1189 2221 1225 2281 et
1247 2214 1401 2301 arbitrii,

192 2335 234 2402 15
257 2361 344 2427 quae
362 2363 425 2428 pro
455 2341 593 2408 modulo
611 2340 782 2430 propositi
800 2339 880 2407 finis
903 2348 938 2407 et
961 2340 1165 2429 capacitatis
1194 2341 1342 2408 subiecti
1362 2340 1402 2405 li-

256 2465 384 2533 mitant
401 2466 577 2555 potentiae
596 2474 712 2534 actum
736 2467 906 2533 intensius
924 2467 980 2534 vel
1000 2467 1175 2534 remissius
1205 2468 1401 2556 expenden-

257 2589 316 2677 da,
336 2591 426 2658 sicut
444 2591 543 2660 faber
561 2592 726 2660 ferrarius
745 2615 817 2660 non
832 2592 984 2681 pereutit
1004 2592 1137 2660 ferrum
1155 2594 1238 2660 totis
1262 2593 1398 2661 viribus

255 2725 432 2806 perpetue.

714 2964 798 3034 XII.
817 2967 940 3035 Aorva.

189 3221 235 3286 20
345 3209 454 3277 Actus
473 3209 658 3300 dupliciter
680 3210 845 3277 sumitur:
868 3232 938 3277 uno
961 3215 1063 3297 pacto
1091 3208 1236 3275 relative
1260 3231 1320 3275 seu
1350 3231 1400 3274 re-

255 3336 421 3425 spective,
439 3359 563 3424 nempe
587 3344 628 3403 ut
655 3336 883 3423 distinguitur
913 3343 1033 3402 contra
1055 3335 1264 3424 potentiam,
1290 3341 1325 3400 et
1350 3335 1400 3401 ita

256 3463 361 3546 (sicut
387 3462 590 3529 relationem
613 3469 740 3529 natura
762 3461 885 3549 exigit)
905 3460 1023 3527 eodem
1040 3467 1143 3549 pacto
1163 3459 1331 3526 dividitur
1360 3460 1402 3526 si·

256 3594 315 3653 ent
333 3593 368 3653 et
385 3586 556 3674 potentia,
575 3595 610 3654 et
632 3594 686 3654 tot
705 3587 816 3653 modis
835 3585 963 3652 dicitur
982 3593 1067 3673 quot
1085 3584 1196 3651 modis
1220 3593 1255 3651 et
1279 3592 1401 3673 poten·

255 3712 319 3797 tia3
338 3712 406 3780 alio
425 3711 526 3779 modo
545 3712 694 3780 sumitur
712 3719 808 3778 actus
828 3711 995 3796 absolute,
1016 3719 1050 3778 et
1074 3711 1124 3776 ita
1143 3710 1330 3777 distinctus
1350 3717 1402 3776 est

189 3844 234 3909 25
257 3859 362 3927 supra
392 3837 429 3905 in
458 3838 610 3926 primum
633 3845 668 3903 et
692 3837 888 3904 secundum.
908 3837 1060 3903 Rursum
1091 3844 1188 3902 actus
1217 3835 1281 3901 hoc
1300 3838 1401 3922 pacto

256 3964 413 4030 absolute
431 3970 589 4052 sumptus
617 3961 865 4061 dilstingnitur
894 3963 999 4048 vulgo
1019 3961 1057 4027 in
1075 3960 1273 4049 physicum,
1296 3966 1401 4026 meta·
1425 3963 1495 4029 20
1511 3967 1566 4029 M

255 4089 439 4178 physicum
458 4096 493 4156 et
511 4088 809 4173 mathematicum,
827 4087 916 4154 sicut
932 4093 967 4153 et
980 4086 1147 4175 potentia.
1164 4085 1273 4152 Actus
1284 4084 1402 4172 physi-

257 4237 317 4281 cus
336 4221 389 4282 est
409 4214 469 4302 qui
485 4214 575 4282 circa
590 4213 770 4281 materiam
789 4213 845 4280 vel
859 4213 897 4279 in
914 4212 1057 4279 materia
1070 4219 1136 4296 est,
1157 4211 1218 4297 qui
1229 4210 1401 4276 limitatur

257 4338 355 4406 iuxta
383 4340 560 4428 potentiae
583 4338 844 4422 limitationem,
867 4336 955 4403 unde
978 4337 1075 4402 nulla
1099 4335 1227 4401 dicitur
1245 4335 1401 4423 potentia

190 4467 235 4536 30
257 4464 354 4534 euius
372 4465 487 4532 nullus
513 4472 565 4532 est
587 4472 694 4531 actus.
715 4463 824 4531 Actus
847 4485 928 4530 vero
952 4460 1210 4550 metaphysicus
1233 4467 1285 4528 est
1303 4459 1399 4529 idem
