3420 5190
699 407 921 454 uounrnrrvs.
1086 466 1090 477 ι
1327 397 1384 454 241

238 562 407 651 pientiam
430 563 533 651 pauci
557 562 679 629 vident
708 569 743 628 et
767 562 931 647 audiunt,
951 585 1054 648 quam
1078 570 1195 628 tamen
1220 563 1384 629 Salomon

238 697 273 754 et
291 688 452 755 universa
472 688 746 754 illuminatorum
765 687 958 754 authoritas
975 688 1012 753 in
1031 688 1163 755 foribus
1183 689 1330 753 clamare
1350 694 1385 752 et

238 815 276 880 in
294 816 419 902 plateis
438 815 519 880 dare
543 836 663 880 vocem
682 838 794 898 suam,
817 837 987 900 quamque
1011 837 1064 879 res
1088 815 1163 901 ipsa
1182 812 1384 900 comprobat

239 940 350 1027 magis
369 940 470 1006 nobis
493 963 565 1006 esse
588 941 782 1026 proximam
802 963 905 1025 quam
929 940 996 1027 ipsi
1016 939 1115 1006 nobie
1138 939 1287 1026 proximi
1312 962 1384 1004 esse

196 1071 217 1135 5
240 1066 419 1153 possimus.

328 1191 411 1257 Bor.
436 1192 503 1257 Hic
522 1200 614 1257 certe
632 1215 694 1279 per
714 1214 767 1256 me
788 1191 877 1257 nihil
896 1191 1124 1276 desideratur,
1147 1189 1206 1257 sed
1229 1189 1313 1276 quid
1333 1196 1386 1255 est

242 1320 332 1406 quod
350 1341 412 1406 per
430 1326 465 1384 te
479 1319 628 1406 amplius
648 1318 834 1384 desiderari
853 1341 952 1406 posse
971 1318 1134 1384 videtur?

327 1445 418 1510 Mon.
443 1444 502 1509 Nil
522 1451 613 1509 certe
632 1443 725 1530 quod
744 1443 788 1508 ad
807 1443 943 1529 negocii
961 1443 1114 1530 pertinet
1133 1442 1332 1509 essentiam.

702 1677 801 1743 oAP.
832 1679 928 1745 VIII.

578 1825 612 1864 De
624 1824 753 1864 iterationis
764 1827 788 1863 et
798 1823 960 1874 duplicationis
971 1833 1048 1874 opere.

328 2014 435 2079 Porro
459 2011 503 2077 ad
530 2011 779 2098 expeditiorem
807 2010 924 2098 praxis
955 2010 1222 2095 exequutionem
1249 2008 1299 2073 ita
1328 2008 1385 2074 hic

238 2139 341 2205 doceo
373 2137 640 2227 procedendum,
667 2145 706 2202 ut
729 2144 808 2224 post
830 2137 980 2224 primam
1007 2136 1240 2217 iterationem,
1268 2135 1305 2199 in
1335 2135 1386 2200 in·

240 2270 373 2350 tegram
399 2264 546 2329 duorum
575 2263 771 2349 spaciorum
804 2262 1052 2327 dimensionem
1080 2259 1201 2325 circini
1228 2259 1385 2325 cruribus

239 2389 412 2478 expansis,
437 2411 571 2475 semper
594 2388 783 2453 sticcessive
803 2387 981 2473 quantitas
1005 2383 1251 2472 comprehensa
1274 2384 1385 2471 dupli·

174 2517 215 2582 15
239 2521 352 2600 cetur,
373 2524 415 2579 ut·
435 2514 528 2579 dices
552 2537 673 2599 unum,
699 2514 780 2596 duc,
802 2521 963 2597 quatuor,
988 2522 1078 2596 oct0,
1092 2510 1272 2576 sexdecim.
1285 2509 1386 2588 Quod

238 2641 268 2706 si
283 2640 475 2728 duplicanti
492 2661 648 2705 excessus
670 2640 674 2727 Ι
695 2661 797 2726 super
815 2661 920 2703 unam
938 2638 1096 2725 pluresve
1108 2642 1224 2724 partes
1240 2635 1384 2720 accidet,
1411 2639 1463 2703 9ι

238 2766 347 2832 veluti
366 2765 395 2831 si
413 2765 506 2830 linea
525 2787 626 2852 super
643 2786 710 2849 qua
726 2764 916 2851 duplicatio
929 2763 969 2828 fit
981 2763 1097 2827 decern
1117 2768 1152 2827 et
1168 2767 1299 2848 septem
1313 2783 1386 2826 esse

171 2910 176 2920 ’
240 2897 391 2979 ponatur
406 2890 576 2977 partium,
596 2898 681 2955 tunc
697 2896 858 2978 acceptae
877 2889 1068 2975 quantitati
1088 2887 1123 2953 id
1142 2887 1272 2974 ipsum,
1292 2885 1384 2972 quod

238 3016 363 3100 deficit,
381 3016 420 3082 in
435 3017 503 3081 fine
517 3015 777 3102 superaddatur.
795 3016 833 3080 Si
845 3037 957 3081 verce
974 3020 1093 3080 contra
1106 3036 1185 3101 pars
1199 3014 1253 3079 vel
1269 3019 1385 3099 partes

172 3151 217 3217 20
238 3148 465 3229 exirperantes
479 3148 670 3225 occurrant,
683 3147 723 3205 ut
735 3141 860 3206 accidit
872 3139 1064 3227 duplicanti
1075 3161 1178 3226 super
1188 3137 1280 3203 linea
1292 3160 1386 3203 sexa-

238 3267 338 3353 ginta
351 3266 513 3354 partium,
526 3273 611 3331 tunc
622 3274 722 3354 parte
736 3266 796 3331 illa
812 3266 867 3331 vel
882 3264 1040 3353 partibus
1056 3264 1230 3351 principio
1247 3263 1384 3329 reiectis

241 3399 276 3457 ct
290 3390 542 3479 praetermissis
562 3413 667 3477 supra
685 3390 834 3476 reliquas
854 3389 1043 3477 duplicatio
1063 3389 1285 3476 compleatur.

329 3517 412 3582 Bor.
436 3516 559 3608 Teneo.

718 3742 817 3808 CAP.
847 3742 911 3807 IX.

174 3887 218 3952 25
352 3890 491 3933 Brevissimn
501 3892 539 3930 via
549 3891 577 3930 sd
590 3894 703 3931 rectarum
714 3890 834 3929 dumtaxat
846 3889 957 3929 linearum
970 3890 1092 3930 fractiones
1105 3886 1277 3937 dignotceudaa.

331 4086 405 4150 Iam
425 4083 541 4170 capias
560 4082 664 4146 aliam
684 4079 850 4168 operandi
869 4079 1038 4145 rationem
1056 4078 1218 4163 infigura
1237 4077 1385 4164 triplicis

242 4208 546 4277 demonstrationis
566 4229 775 4294 expressam,
793 4228 895 4291 quam
916 4227 986 4270 uon
1012 4204 1047 4268 in
1071 4203 1305 4286 circularium,
1326 4203 1385 4269 scd

241 4349 412 4405 rectarum
441 4337 610 4402 linearum
643 4332 871 4398 fractionibus
907 4329 1119 4396 solummodo
1151 4329 1264 4395 valere
1291 4352 1386 4416 prae·

242 4488 372 4549 noscas,
386 4462 665 4550 quandoquidem
683 4459 797 4547 posita
816 4457 1004 4523 secuudum
1024 4464 1138 4543 partes
1154 4478 1233 4521 suas
1252 4477 1386 4520 mensu·

377 4583 455 4623 unum
471 4583 526 4633 Opp.
542 4583 582 4620 iar.
598 4581 619 4629 l,
638 4580 659 4619 t.
1200 4574 1224 4614 ³1
