3420 5190
575 419 753 467 6666661666
776 421 906 468 6666666
928 419 1077 467 suerrus.
1341 402 1396 466 187

255 579 438 666 appellare.
459 579 528 644 Sal
556 588 734 646 muniet
763 553 921 666 densum,
952 581 1108 648 melleet
1132 580 1257 646 (lurum
1279 582 1397 668 potins

254 705 367 771 facilis
395 706 612 792 difficilisque
642 708 811 794 passionis
839 730 943 792 quam
961 707 1104 774 lationis
1127 730 1230 772 causa
1253 707 1398 772 dicenda

254 838 346 897 sunt.

705 1037 858 1102 OAPVT
887 1036 952 1101 ΠΙ.

208 1179 229 1242 5
397 1180 431 1220 De
441 1184 556 1230 tompore.
569 1179 672 1229 66661636
684 1184 789 1231 quartum
801 1181 1093 1222 (6666366631616666166661
1105 1192 1255 1232 consequens.

713 1506 898 1552 anulornvs
921 1509 942 1550 Ι,

551 1633 661 1672 hattone·
676 1633 757 1682 qulbus
772 1637 860 1682 teinpus
874 1644 922 1674 esso
937 1642 983 1672 non
999 1633 1096 1674 vldetur.

342 1819 513 1896 Quoniam
544 1819 671 1905 (inquit
697 1818 913 1901 Aristoteles)
943 1825 978 1885 et
1005 1820 1116 1885 omnis
1145 1825 1258 1887 motus
1287 1820 1394 1885 63616

252 1948 419 2030 tempore,
439 1943 480 2008 (16
505 1943 579 2031 1636
605 1967 741 2029 quoque
761 1951 1008 2030 consequenter
1026 1952 1078 2009 636
1098 1944 1393 2010 considerandum.

187 2066 230 2130 10
253 2067 408 2134 Primum
427 2069 567 2154 quidem
586 2093 606 2135 a
626 2070 837 2161 rationifbus
855 2070 978 2156 quibus
997 2093 1069 2135 6336
1088 2071 1320 2136 6616666336
1344 2071 1391 2137 vi·
1416 2075 1505 2138 33¹·

252 2192 353 2259 detur
371 2194 600 2280 exordientes‚
621 2195 816 2261 invenimus
835 2196 1000 2281 quosdam
1020 2195 1080 2281 qui
1099 2200 1160 2261 aut
1179 2195 1319 2262 omnino
1335 2219 1394 2261 ne·

251 2325 339 2404 gant
362 2327 515 2406 6666666,
533 2328 594 2386 666
619 2320 733 2408 ipsum
760 2321 892 2407 aliquid
920 2345 992 2386 esse
1011 2321 1132 2386 (116666
1161 2321 1253 2407 quod
1272 2320 1331 2386 vix
1359 2327 1394 2387 66

253 2445 430 2510 obscurius
459 2445 591 2532 percipi
616 2453 727 2531 queat.
756 2446 873 2512 Primo
890 2447 982 2511 enirn
998 2446 1163 2531 inquiunt
1182 2446 1394 2534 impossibile

252 2592 323 2634 6336
342 2571 398 2635 vel
416 2570 537 2636 haberi
557 2571 785 2658 compositum
805 2594 846 2636 ex
864 2595 935 2637 non
954 2571 1107 2654 66611163,
1123 2571 1165 2636 (16
1184 2571 1317 2637 duobus
1337 2593 1394 2637 au·

188 2691 229 2755 le
253 2701 334 2778 tem,
350 2717 436 2779 quae
453 2695 630 2761 infinitum
645 2705 919 2783 perpetuumque
934 2703 1153 2784 componunt,
1166 2696 1393 2784 praeteritum

252 2820 472 2906 estfactum,
497 2821 654 2887 futurum
684 2821 838 2888 nondum
867 2830 928 2887 636.
960 2822 1116 2888 Secundo
1147 2823 1189 2888 (16
1217 2823 1281 2889 hoc
1304 2822 1394 2887 nihil

251 2953 388 3032 6666666
406 2970 499 3013 6666
518 2955 635 3012 extare
658 2945 831 3029 videmus,
863 2948 954 3034 quod
979 2948 1116 3034 quidem
1144 2971 1215 3015 non
1243 2957 1294 3013 636
1322 2948 1393 3012 6116

252 3072 416 3158 temporis
435 3096 532 3158 pars,
552 3081 672 3160 utpote
701 3074 791 3159 quod
821 3096 932 3160 neque
952 3096 1155 3162 componere
1178 3098 1241 3140 666
1260 3097 1394 3139 666636-

251 3218 328 3261 6666
347 3198 463 3283 663316.
477 3198 593 3264 Τ66616
606 3198 695 3264 nihil
710 3222 781 3264 esse
796 3199 898 3264 debet
912 3206 1062 3287 tempus,
1082 3200 1123 3265 (16
1143 3223 1210 3285 quo
1226 3221 1297 3265 non
1316 3223 1394 3266 con-

184 3315 229 3380 10
251 3322 359 3408 tingit
378 3323 531 3410 66616666
550 3332 686 3411 6666666
705 3347 811 3407 nunc,
831 3324 922 3410 quod
946 3332 1037 3390 66666
1061 3325 1149 3390 nihil
1168 3332 1237 3408 est,
1259 3347 1333 3390 cum
1356 3324 1392 3389 in

251 3453 405 3534 tempore
423 3471 493 3515 non
512 3449 559 3515 sit
577 3449 731 3538 accipere
746 3450 842 3517 aliud
861 3458 895 3516 et
911 3451 1006 3517 aliud
1027 3473 1137 3536 neque
1156 3473 1264 3515 unum
1288 3450 1393 3516 161616-

252 3597 319 3658 que
338 3597 439 3640 nunc.

738 3782 844 3825 hurle.
868 3782 902 3824 11.

611 3904 670 3953 Qum
685 3917 730 3945 non
745 3906 775 3946 alt
789 3911 876 3957 tempus
892 3905 982 3955 etquid
997 3905 1034 3944 su.

184 4097 227 4163 25
340 4092 902 4193 Α661(6666616(661(1661661611666
917 4099 1053 4178 ternpus
1067 4113 1139 4155 esso
1152 4098 1284 4156 motum
1300 4089 1394 4175 66611,

251 4220 311 4286 6111
337 4220 610 4303 circulationem,
642 4219 702 4284 alii
730 4219 911 4305 sphaeram
939 4217 1108 4282 ultimam.
1137 4215 1246 4301 Atqui
1276 4217 1395 4280 l.110n

539 4395 656 4400 -...—.-..
664 4394 669 4399 -
714 4393 807 4400 .---
817 4394 823 4398 -
838 4391 890 4398 ——0
903 4389 1391 4398 --...-—-—-2-—-—-—-.-——-

346 4489 376 4539 13
393 4498 499 4556 quaeat
