3420 5190
477 452 590 498 SVMMA
609 452 829 498 unumuonvn
851 452 1165 501 Mararuufflcoavu.
1352 445 1391 502 33

245 609 329 693 turi3
353 607 469 675 omnia
489 607 617 695 quippe
635 607 691 673 illi
709 613 790 673 sunt
808 607 1021 693 praesentia,
1042 614 1077 674 et
1100 609 1190 675 nihil
1213 610 1391 695 cognoscit

244 756 307 822 per
332 733 565 822 peregrinam,
594 732 654 798 sed
681 754 743 819 per
775 732 954 819 propriam
986 733 1134 819 speciem
1162 734 1293 817 omnia;
1319 756 1391 800 non

245 857 338 924 enim
365 857 542 944 cognoscit
572 856 701 923 animal
729 857 936 924 rationalea
959 857 1073 943 figura
1100 864 1258 942 externa,
1278 879 1390 943 neque

245 983 375 1049 bonum
398 982 442 1048 ab
466 981 604 1066 effectu,
628 1004 740 1068 neque
762 983 874 1048 lucem
898 982 941 1048 ab
965 980 1192 1048 irradiatione
1215 989 1250 1048 et
1279 983 1391 1070 splen-

200 1108 220 1172 5
244 1106 339 1192 dore,
359 1129 471 1194 neque
489 1107 607 1194 ignem
626 1129 646 1173 a
665 1105 842 1172 caliditate
861 1112 895 1173 et
915 1107 1039 1192 calore,
1057 1106 1117 1172 sed
1135 1107 1252 1173 omnia
1272 1106 1309 1173 in
1328 1130 1390 1174 sua

245 1231 453 1299 substantia.

332 1356 582 1444 Cognitionum
604 1356 674 1422 alia
708 1362 761 1422 est
795 1356 1027 1445 particularis,
1053 1356 1164 1444 qualis
1194 1363 1245 1423 est
1276 1359 1390 1425 omnis

243 1482 396 1569 cognitio
415 1481 593 1565 sensitiva;
614 1481 684 1547 alia
702 1488 754 1547 est
769 1481 988 1565 universalia,
1009 1481 1121 1568 qualis
1139 1488 1192 1547 est
1207 1481 1389 1550 rationalis

244 1613 279 1671 et
307 1606 420 1673 omnis
450 1605 674 1672 intellectiva.
702 1606 856 1673 Rursum
884 1606 952 1672 alia
984 1613 1036 1672 est
1059 1606 1239 1690 intuitiva,
1269 1606 1306 1673 id
1335 1614 1388 1674 est

177 1740 221 1805 10
244 1755 331 1819 quae
349 1756 422 1799 rem
439 1738 656 1822 praesentem
676 1733 761 1799 inse
779 1732 856 1820 ipsa
873 1733 1027 1821 respicit,
1040 1740 1080 1800 ut
1096 1741 1148 1799 est
1158 1756 1277 1800 sensus
1296 1735 1387 1801 circa

240 1879 401 1945 praesens
426 1857 611 1941 obiectum,
633 1880 729 1923 mens
753 1857 843 1923 circa
866 1881 902 1923 se
925 1857 1050 1944 ipsam,
1076 1857 1271 1924 intellectus
1295 1859 1386 1925 circa

239 1981 419 2070 proprium
442 1982 630 2066 obiectum,
651 1981 740 2048 sicut
756 1982 873 2048 oculus
894 1982 984 2047 circa
1002 1982 1120 2064 solem,
1141 1982 1210 2048 alia
1234 1989 1285 2048 est
1309 1984 1387 2049 abs·

241 2108 405 2191 tractiva,
425 2107 515 2173 sicut
531 2107 735 2193 imaginatio
752 2107 794 2172 de
817 2108 920 2173 rebus
943 2106 1159 2191 absentibus,
1178 2114 1213 2172 et
1231 2107 1385 2194 cognitio

240 2233 352 2300 omnis
372 2232 413 2299 de
432 2255 469 2298 re
487 2254 558 2299 non
576 2255 639 2320 per
657 2256 693 2299 se
715 2233 827 2321 ipsam
846 2239 881 2298 et
903 2232 1052 2320 speciem
1076 2232 1114 2297 in
1137 2232 1226 2320 ipsa,
1246 2231 1306 2298 sed
1324 2256 1387 2321 per

175 2363 217 2429 15
240 2358 334 2425 aliud
352 2358 409 2425 vel
425 2381 487 2445 per
510 2358 658 2444 speciem
677 2359 720 2425 ab
744 2358 820 2446 ipsa
843 2357 1135 2445 promananltem.
1159 2358 1312 2424 Rursum
1335 2381 1388 2424 co·
1412 2360 1551 2426 24M

238 2483 352 2570 gnitio
370 2482 504 2549 aliaest
522 2483 704 2567 attactiva,
725 2483 793 2549 alia
804 2482 1068 2571 apprehensiva,
1088 2482 1385 2570 aliacomprehen-

238 2607 326 2676 siva:
341 2607 464 2695 prima,
476 2629 544 2693 qua
558 2629 631 2673 rem
650 2630 692 2673 ex
712 2608 893 2695 superficie
904 2606 960 2673 vel
972 2606 1123 2673 externis
1135 2608 1384 2694 cognoscimus

238 2734 337 2820 quasi
359 2733 472 2822 ipsam
494 2755 566 2798 rem
590 2739 773 2819 tangentes
799 2738 924 2816 (tactus
947 2732 1041 2798 enim
1060 2716 1116 2798 ‘est
1140 2754 1207 2818 quo
1232 2739 1383 2800 extremo

238 2865 429 2925 extremum
448 2857 623 2942 adhaeret,
650 2857 758 2925 altero
782 2858 819 2923 in
847 2857 1052 2924 alterutrum
1076 2878 1147 2922 non
1170 2856 1384 2945 profundan-

171 2990 216 3055 20
238 2989 299 3068 te);
328 2980 489 3066 secunda,
521 3004 589 3068 qua
612 2982 765 3069 cognitio
793 2981 964 3067 adaequat
993 2981 1171 3068 cognitum
1195 2982 1251 3047 vel
1275 2982 1381 3050 etiarn

239 3108 451 3190 adaequatur
474 3128 495 3171 a
517 3106 671 3192 cognito,
696 3107 786 3172 sicut
808 3106 946 3173 visibile
969 3106 1140 3192 adaequat
1156 3106 1305 3173 visivam
1320 3130 1381 3195 po·

238 3231 385 3298 tentiam
414 3237 450 3297 et
478 3230 691 3317 adaequatur
717 3231 868 3298 avisiva
891 3231 1049 3319 potentia
1068 3236 1151 3315 (non
1175 3232 1268 3298 enim
1302 3231 1381 3321 plus

238 3379 419 3446 possumus
433 3356 550 3423 videre
569 3378 672 3442 quam
685 3356 795 3445 possit
803 3356 944 3423 videria
963 3356 1076 3440 nobie,
1097 3363 1164 3422 ote
1183 3365 1375 3443 converso);

239 3481 521 3570 comprehensiva
537 3481 689 3568 cognitio
705 3487 766 3567 est,
786 3504 854 3567 qua
867 3482 1024 3569 potentia
1040 3481 1276 3567 cognoscitiva
1288 3505 1381 3548 exce-

171 3608 215 3673 ‘25
239 3605 291 3672 dit
310 3604 556 3692 cognoscibile,
583 3605 672 3671 sicut
697 3611 750 3672 est
773 3629 892 3673 sensus
922 3612 1081 3694 respectu
1110 3606 1273 3690 visibilis;
1302 3607 1382 3694 plus

236 3731 330 3798 enim
353 3730 612 3818 comprehendit
631 3737 666 3796 et
685 3731 729 3796 ad
747 3730 847 3818 plura
868 3736 873 3818 Ι
893 3754 928 3797 se
951 3730 1107 3797 extendit
1131 3754 1251 3798 sensus
1275 3754 1379 3818 quam
1405 3738 1515 3803 440
1531 3738 1573 3805 G

235 3856 383 3924 visibile.
412 3857 482 3926 Ubi
505 3880 587 3924 vero
610 3858 747 3944 passive
766 3857 1024 3945 comprehensio
1047 3864 1100 3923 est
1123 3865 1282 3945 exparte
1302 3858 1380 3924 sub

236 3982 334 4068 iecti,
368 3989 408 4049 ut
440 3981 572 4049 scilicet
595 3983 826 4069 cognoscibile
849 3982 991 4049 excedat
1015 3982 1262 4070 cognitionem,
1292 3982 1381 4048 sicut

235 4110 295 4177 lux
314 4110 483 4176 excellens
506 4109 633 4194 visum,
653 4107 703 4174 ibi
725 4110 870 4175 dicimus
894 4110 1128 4196 cognitionem
1149 4131 1221 4175 esse
1245 4109 1382 4176 attacti-

169 4241 215 4306 30
236 4257 317 4303 vam
335 4236 433 4302 iuxta
451 4234 603 4323 primum
622 4235 814 4301 membrum
832 4235 935 4301 huius
953 4234 1145 4300 divisionis.

324 4361 476 4428 Rursum
497 4359 736 4447 cognitionum
755 4359 823 4427 alia
842 4366 894 4427 cst
913 4361 1076 4447 organica
1095 4383 1155 4426 seu
1173 4359 1380 4425 instrumen-

234 4486 329 4573 talis,
349 4486 485 4552 aliaest
503 4485 715 4574 principalis.
737 4484 909 4573 Organica
924 4486 993 4553 alia
1011 4492 1062 4550 est
1081 4484 1124 4551 ad
1140 4484 1288 4572 praxim,
1310 4483 1379 4550 alia

367 4604 443 4645 Erum
458 4604 512 4655 opp.
527 4605 568 4643 lue.
579 4604 602 4652 1,
615 4604 635 4644 4.
1204 4601 1217 4643 6
