3420 5190
483 426 596 475 svuun
615 426 837 490 rnnuruonvu
854 427 1167 477 uarsrnrsroonvu.
1352 411 1392 474 69

253 608 451 674 comparare
469 588 561 653 enim
577 611 714 655 servum
733 588 884 672 dominc,
902 595 1036 676 patrem
1055 587 1140 673 filio,
1157 589 1267 655 maius
1287 588 1394 654 mino-

252 712 296 797 ri,
316 719 368 778 est
391 713 538 779 alterum
558 712 713 779 conferre
736 736 814 780 cum
837 714 960 797 altero;
984 713 1043 779 sed
1072 713 1157 779 haec
1184 712 1392 799 significatio

253 844 305 904 est
328 837 443 905 minus
466 844 653 924 consueta),
678 839 865 906 secundum
880 839 972 926 quod
989 840 1094 925 vulgo
1118 839 1231 906 solent
1262 839 1390 924 dicere,

253 963 395 1029 remita
418 972 652 1051 comparatam
675 987 763 1050 esse,
784 964 821 1030 id
843 971 895 1031 est
913 964 963 1031 ita
987 965 1167 1048 adnatam3
1188 965 1256 1031 alio
1275 970 1391 1051 pacto,

210 1091 232 1155 5
254 1096 294 1153 ut
313 1088 398 1154 dicit
412 1097 605 1177 respectum
624 1090 810 1156 secundum
829 1089 999 1155 rationem
1023 1089 1163 1156 maioris
1183 1096 1217 1155 et
1235 1088 1393 1173 minoris,

254 1222 290 1280 et
308 1214 358 1281 ita
372 1215 513 1303 proprie
531 1214 688 1281 sumitur.
712 1216 759 1280 Et
781 1214 837 1280 hio
856 1221 1031 1303 respectus
1047 1222 1099 1281 est
1118 1214 1246 1302 duplex
1264 1214 1302 1279 in
1322 1213 1395 1300 qui·

255 1340 413 1425 busdam,
431 1341 468 1405 in
484 1341 562 1407 aliis
580 1363 662 1407 vero
681 1340 841 1429 simplex:
861 1340 989 1428 duplex
1004 1340 1148 1426 inquam
1166 1340 1205 1405 in
1219 1339 1286 1424 his,
1308 1361 1396 1426 quae

255 1465 292 1532 in
320 1467 413 1533 scala
436 1475 471 1533 et
499 1467 619 1534 ordine
648 1468 765 1554 aliquo
789 1476 870 1535 sunt
893 1467 1018 1553 media,
1043 1491 1131 1554 quae
1159 1467 1294 1534 minora
1317 1473 1399 1533 sunt

256 1593 504 1680 superioribuS,
524 1594 655 1660 maiora
673 1592 910 1678 inferioribus,
930 1593 1077 1681 simplex
1100 1616 1181 1660 vero
1206 1600 1257 1660 est
1281 1593 1319 1658 in
1337 1593 1400 1658 mi-

191 1725 233 1789 10
256 1719 364 1802 nime,
384 1719 476 1807 quod
491 1718 597 1785 habet
611 1725 804 1807 respectum
824 1720 868 1786 ad
886 1719 1063 1807 superiora
1077 1726 1229 1805 tantum,
1243 1726 1278 1786 et
1293 1719 1400 1785 maxi·

256 1867 325 1929 mc,
347 1844 438 1931 quod
456 1844 561 1910 habet
579 1852 773 1933 respectum
796 1845 840 1910 ad
858 1844 1023 1911 inferiora
1045 1851 1193 1912 tantum.
1213 1843 1397 1932 Compara-

257 1969 307 2035 tio
328 1991 462 2056 quoque
481 1970 666 2058 dupliciter
685 1972 846 2057 sumitur,
864 1995 933 2038 uno
951 1978 1054 2059 pacto
1072 1944 1311 2058 grammatice,
1328 1970 1407 2037 alio*

257 2103 358 2182 pacto
388 2096 639 2184 philosophice:
668 2097 975 2184 grammaticaliter
1011 2096 1240 2184 distinguitur
1276 2102 1397 2163 contra

256 2222 463 2309 positionem
486 2229 522 2287 et
544 2223 827 2310 superlationem,
850 2224 854 2313 Ι
875 2222 1111 2310 philosophice
1126 2245 1208 2289 vero
1223 2222 1328 2289 habet
1344 2247 1397 2291 su·
1424 2231 1561 2296 64Μ

191 2356 233 2421 15
255 2346 482 2435 perlationem
501 2323 668 2434 tanduam
692 2349 848 2437 speciem.
868 2348 1088 2437 Comparatio
1107 2355 1160 2415 est
1182 2348 1397 2436 inspicienda

256 2495 390 2559 semper
406 2473 443 2537 in
462 2473 580 2539 eodem
599 2496 737 2560 genere,
757 2480 791 2540 et
809 2474 847 2540 in
866 2474 1023 2560 hisquae
1040 2473 1234 2561 suscipiunt
1253 2473 1396 2539 eandem

256 2598 547 2685 praedicationem
571 2599 760 2666 secundum
782 2599 952 2666 rationem
971 2599 1135 2666 maiorem
1158 2607 1193 2665 et
1216 2599 1398 2684 minorem,

258 2724 339 2808 quia
357 2724 395 2789 in
413 2723 570 2810 hisquae
587 2748 660 2791 non
678 2724 871 2814 suscipiunt
890 2724 1000 2812 magis
1020 2732 1055 2790 et
1073 2726 1203 2811 minus,
1219 2725 1341 2792 melius
1361 2732 1396 2791 et

257 2848 421 2936 deteriuS,
441 2851 518 2938 plus
551 2858 586 2917 et
616 2851 730 2918 minus
753 2858 910 2939 respectu
934 2851 1085 2919 eiusdem
1108 2851 1283 2936 attributi,
1309 2874 1398 2917 oom-

190 2983 234 3047 20
256 2976 391 3063 paratio
410 2977 523 3042 locum
542 2978 650 3043 ullum
670 2979 872 3044 nonhabet.

612 3248 744 3314 XLIX.
769 3247 1043 3314 Conananausro.

345 3490 609 3577 comprehensio
629 3490 811 3577 multiplex
827 3498 888 3555 est.
905 3490 1023 3556 Prima
1039 3489 1226 3557 secundum
1241 3491 1400 3560 substan·

209 3629 212 3632 ’
256 3616 356 3702 tiam,
388 3616 574 3681 secundum
603 3639 704 3702 quem
735 3616 876 3682 modum
905 3617 1053 3683 essentia
1081 3617 1286 3703 simpliciter
1312 3641 1400 3685 coru·

256 3742 438 3830 prehendit
449 3766 584 3809 ornnem
597 3743 780 3809 essentiam
793 3743 830 3808 in
841 3766 974 3830 genere.
989 3744 1077 3809 Item
1089 3747 1203 3830 queml
1216 3744 1399 3811 admodum
1425 3750 1534 3814 470
1551 3748 1592 3814 G

190 3869 232 3932 25
256 3870 460 3936 sensitivum
477 3869 736 3957 comprehcndit
759 3870 1008 3955 vegetativum3
1028 3869 1077 3935 sic
1096 3869 1181 3937 dicit
1198 3867 1400 3936 Aristoteles

256 3994 292 4059 in
316 3994 441 4059 tertio
471 3993 526 4059 Da
551 3995 703 4078 anima,
732 3995 883 4060 animam
907 3995 1108 4061 sensitivam
1131 4017 1202 4060 non
1226 4017 1298 4060 esse
1322 4001 1401 4059 actu

256 4143 333 4185 cum
356 4121 472 4186 anima
497 4120 723 4203 intellectiva,
749 4144 792 4186 ne
820 4121 935 4208 plures
963 4120 1098 4187 animae
1122 4119 1193 4185 sint
1217 4119 1254 4185 in
1284 4119 1402 4186 eodem

256 4246 411 4332 animali,
432 4246 490 4312 sed
521 4270 592 4313 csse
617 4247 653 4312 in
682 4247 755 4330 illa,
775 4247 810 4311 id
839 4255 890 4311 cst
914 4245 1156 4334 comprehendi
1179 4246 1223 4311 ab
1251 4245 1329 4329 illu,
1360 4245 1403 4310 si·

1272 4411 1391 4420 ...n—-

349 4512 378 4560 19
394 4509 536 4574 ciusdem,
552 4509 688 4559 attributi
701 4508 731 4557 M
792 4510 824 4558 23
840 4507 993 4575 simplicite
1011 4509 1034 4557 (l
