3420 5190
579 461 759 505 rrcvanmo
781 461 912 505 nursini
934 462 1083 506 arnrrvs.
1341 447 1397 506 183

254 639 395 705 corpore
414 624 625 705 penetratur.
646 617 777 695 Quarta
802 618 883 704 quia
901 641 962 683 ras
986 618 1159 684 cineribus
1178 619 1318 705 plenum
1342 619 1398 684 vel

253 743 368 809 farina
387 750 523 810 tantam
552 743 677 830 recipit
700 767 838 829 aquam,
859 751 1024 831 quantam
1043 767 1191 810 vacuum
1220 744 1397 831 reciperet.

253 871 384 948 Quinta
403 871 485 958 quia
501 879 599 937 extra
616 873 747 937 caelum
766 880 817 938 est
836 873 990 959 spacium
1013 872 1204 953 infinitum,
1224 871 1328 956 idque
1347 877 1399 935 cst

253 1024 400 1068 vacuum
425 1002 517 1087 quod
540 1001 766 1089 Pythagorici
789 1001 912 1067 volunt
931 1001 1067 1087 ingredi
1091 1000 1258 1066 mundum
1288 1023 1329 1064 ex
1348 1000 1398 1064 in·

209 1136 230 1199 5
253 1131 354 1196 finito
378 1131 505 1218 spiritu
528 1130 628 1215 quasi
657 1129 849 1216 respirante
880 1130 985 1212 caelo,
1010 1137 1114 1214 atque
1142 1129 1193 1193 ita
1217 1149 1399 1216 corporum

253 1259 419 1347 separari,
437 1258 607 1344 distingui
623 1257 914 1343 determinarique
929 1280 1121 1323 numerum.
1138 1257 1243 1323 Sexta
1256 1259 1347 1344 quia,
1361 1258 1399 1323 ni

254 1387 300 1453 sit
329 1409 490 1468 vacuum,
519 1385 580 1451 uni
614 1385 749 1451 cedenti
782 1385 876 1450 aliud
911 1385 1029 1451 corlere
1060 1408 1183 1474 corpus
1210 1394 1398 1473 oporteret;

253 1514 345 1580 unda
367 1520 402 1579 et
425 1534 566 1600 corpore
585 1535 654 1578 nno
678 1518 771 1577 moto
791 1518 885 1577 totus
902 1520 1150 1597 consequenter
1165 1514 1313 1580 mundus
1330 1538 1400 1580 mo-

254 1644 401 1705 veretur.
417 1638 489 1703 Nos
508 1660 589 1704 vero
609 1637 652 1702 ad
671 1637 822 1724 primum
845 1645 880 1701 et
902 1637 1064 1702 ultimum
1076 1638 1322 1725 respondemus
1338 1640 1399 1705 ubi

190 1776 232 1839 10
253 1769 396 1851 propter
413 1769 545 1829 motum
563 1762 669 1829 cessio
689 1762 878 1848 quaeritur,
897 1762 988 1847 quod
1008 1763 1139 1828 nonsit
1154 1786 1290 1828 necesse
1309 1763 1399 1829 hanc

255 1912 362 1975 nsque
380 1889 424 1955 ad
441 1889 615 1969 ultimum,
636 1887 695 1953 sed
713 1887 757 1952 ad
776 1895 908 1953 certum
928 1888 1100 1972 quoddam
1119 1888 1274 1975 spacium
1293 1895 1398 1974 atque

255 2015 442 2080 terminum
472 2013 562 2095 fieri,
594 2025 628 2077 et
659 2013 834 2078 Melissum
854 2013 1034 2098 praeteriit
1058 2013 1149 2098 quod
1179 2021 1294 2100 presset
1313 2013 1397 2078 alte-

255 2140 326 2205 rari
345 2139 495 2227 plenum.
515 2139 571 2203 Ad
595 2137 795 2221 secundum,
821 2137 913 2224 qnod
931 2139 975 2204 ad
994 2139 1195 2204 salvandam
1214 2137 1399 2204 corulensa-

255 2264 385 2330 tionem
416 2288 475 2330 sen
495 2264 782 2352 compressionem
801 2286 870 2329 non
901 2288 1037 2329 necesse
1066 2271 1117 2329 est
1147 2287 1218 2329 csse
1237 2286 1397 2346 vacuum,

191 2390 232 2454 lz')
255 2390 314 2458 sed
334 2389 424 2476 qnod
444 2389 562 2455 collisa
586 2389 754 2475 quaedam
773 2388 963 2455 elabantur.
988 2389 1043 2454 Ad
1062 2389 1217 2472 tertium,
1238 2412 1399 2474 augmen-

254 2516 403 2581 tationes
423 2537 494 2580 non
510 2513 620 2579 solnm
639 2513 707 2579 alio
724 2514 953 2600 ingrediente,
971 2514 1029 2579 sed
1049 2521 1083 2579 ct
1099 2514 1217 2578 eodem
1236 2513 1328 2598 quod
1347 2521 1398 2578 est

254 2642 401 2706 alterato
420 2640 508 2723 fieri,
533 2645 573 2705 ut
596 2637 656 2705 nbi
676 2663 765 2724 aqna
784 2639 822 2704 in
841 2647 954 2705 adrem
978 2639 1203 2706 convertitur.
1224 2639 1279 2703 Ad
1298 2661 1398 2724 quar-

255 2775 343 2850 tum,
363 2766 455 2852 quod
474 2772 508 2830 et
527 2765 645 2830 eadam
664 2766 753 2831 ratio
777 2790 813 2830 se
836 2767 947 2852 ipsam
963 2765 1071 2850 tollit,
1096 2767 1125 2831 si
1145 2764 1284 2851 quidem
1304 2762 1398 2844 iidoc
1423 2772 1515 2835 30v

254 2916 402 2959 vacnum
432 2914 502 2957 non
532 2915 605 2957 esse
635 2893 842 2975 ostenditur,
867 2893 948 2978 quia
967 2916 1009 2957 cx
1039 2892 1133 2957 omni
1152 2900 1251 2979 parte
1275 2914 1399 2978 corpus

188 3020 232 3083 ‘20
255 3023 432 3103 augeatur.
445 3017 500 3081 Ad
512 3017 672 3103 quintum
684 3017 830 3083 dicimus
847 3017 959 3105 ipsum
976 3016 1195 3104 Pythagorae
1210 3016 1399 3082 authorita-

255 3150 302 3226 te,
323 3165 392 3209 non
412 3142 528 3228 aliqua
547 3142 663 3208 fnlciri
682 3142 825 3208 ratione.
842 3143 897 3207 Ad
914 3151 1049 3208 sextum
1067 3143 1157 3208 sicut
1173 3143 1216 3208 ad
1235 3143 1397 3231 primum.

753 3424 828 3467 Alrr.
848 3423 896 3466 111.

407 3548 540 3587 ostenditur
554 3558 601 3587 non
615 3559 663 3587 csse
678 3558 773 3587 vacuum
787 3550 921 3596 serietatem
935 3548 995 3587 tuter
1010 3548 1083 3588 latera
1096 3549 1243 3588 conducatis.

345 3734 513 3799 Bifarinm
536 3733 687 3799 ostendit
711 3756 858 3799 vacnum
883 3741 1078 3820 separatum
1096 3757 1163 3799 non
1184 3758 1265 3797 esso.
1283 3734 1399 3799 Primo

189 3872 232 3934 25>
256 3860 448 3926 rationibus
462 3858 608 3947 sumptis
621 3867 772 3945 exparte
788 3866 910 3925 motus.
929 3858 1083 3936 Quarum
1100 3858 1211 3945 prima
1228 3866 1288 3941 cst,
1307 3861 1399 3945 quod

257 3987 286 4050 si
306 3994 443 4071 oportet
462 4008 533 4049 csse
553 4006 699 4050 vacuum
724 3992 864 4070 propter
889 3992 1033 4066 motum,
1054 3983 1202 4048 maxime
1226 3991 1399 4071 oporteret

259 4134 386 4197 ponere
412 4117 554 4198 propter
582 4115 713 4174 motum
744 4109 903 4191 localem3
925 4109 1023 4195 atqui
1053 4109 1225 4196 simplicia
1255 4133 1398 4198 corpora

257 4260 326 4301 non
357 4258 519 4319 rucuma,
542 4234 600 4301 scd
619 4234 795 4321 propriam
815 4242 973 4299 naturam
999 4235 1127 4300 hahent
1159 4259 1296 4302 suornm
1328 4259 1398 4301 mo-

266 4424 379 4432 ..--.
396 4426 410 4430 -
436 4425 440 4430 .
475 4424 485 4430 -
500 4424 734 4431 --...-.-----
750 4422 923 4429 --—-—
940 4425 962 4431 -.
992 4424 1103 4432 .---——
1117 4425 1216 4431 —-
1237 4426 1269 4431 ...,.
1285 4426 1320 4431 ,-

319 4522 334 4571 ῖ
352 4518 484 4571 caedenti
497 4534 510 4567 c
524 4518 641 4570 caedere
706 4520 736 4567 12
753 4518 912 4584 prosternit
