3420 5190
488 437 600 483 svuus
620 436 839 486 1888188818
860 438 1171 486 usrleursmouvu.
1358 423 1394 485 51

679 787 820 854 XXIX.
839 788 976 855 Nouam

347 1093 482 1161 Nomen
505 1094 690 1183 dupliciter
713 1095 870 1162 sumitur.
894 1096 973 1163 Uno
1000 1103 1103 1184 pacto
1126 1096 1399 1183 generalissime,

258 1224 298 1284 ut
323 1218 416 1286 idem
439 1219 611 1306 significet
637 1220 729 1307 quod
753 1227 929 1305 notamen,
950 1226 985 1286 et
1006 1220 1071 1286 hoc
1095 1227 1197 1309 paeto
1225 1221 1400 1308 significat

259 1351 335 1410 tum
365 1345 572 1433 complexos,
603 1351 679 1413 tum
707 1345 941 1436 incomplexos
972 1346 1152 1413 terminos:
1188 1346 1397 1434 complexos,

214 1476 235 1539 b
259 1476 300 1536 ut
322 1469 406 1536 Ilias
430 1478 482 1536 est
505 1493 630 1537 nomen
654 1471 745 1558 quod
768 1471 941 1559 signifieat
964 1477 1078 1539 totum
1096 1471 1225 1539 librum
1249 1479 1284 1538 et
1305 1471 1399 1539 illius

256 1596 339 1662 libri
359 1597 530 1663 orationes
550 1619 684 1681 omnes;
704 1597 949 1686 incomplexos,
966 1605 1006 1666 ut
1024 1621 1266 1686 quemcunque
1279 1598 1400 1666 dictio-

258 1744 337 1788 nem
360 1746 422 1811 per
451 1746 486 1790 se
513 1723 704 1812 simplicem
731 1722 787 1792 vel
816 1724 1053 1814 compositam,
1079 1724 1399 1811 categorematicam

258 1848 313 1913 vel
329 1850 726 1938 syncategorematicam.
743 1850 844 1917 Unde
860 1873 938 1918 cum
953 1851 1072 1937 verba,
1084 1857 1160 1918 tum
1172 1849 1260 1917 aliae
1276 1849 1399 1916 oratio-

257 1971 312 2038 nis
334 1981 451 2061 partes
473 1976 615 2042 nomina
638 1977 806 2064 quaedam
829 1983 923 2063 sunt,
942 1984 981 2043 ut
1005 1976 1089 2064 quid
1112 1975 1287 2062 significat
1310 1998 1400 2042 ame·

193 2100 237 2165 10
257 2120 303 2164 re.
338 2099 419 2166 Alio
452 2107 554 2188 pacto
582 2125 708 2169 nomen
740 2103 888 2170 sumitur
922 2103 1076 2191 proprie,
1106 2109 1141 2169 et
1169 2101 1399 2189 distinguitur

258 2232 378 2292 contra
397 2225 483 2293 alias
506 2227 673 2295 orationis
695 2235 823 2315 partes,
843 2229 1047 2317 praesertim
1074 2250 1155 2295 vero
1185 2233 1305 2294 contra
1323 2250 1399 2295 ver-

257 2350 355 2435 bum,
388 2351 481 2439 quod
514 2352 607 2440 apud
641 2353 771 2441 logicos
804 2361 857 2421 est
884 2377 1007 2442 unum,
1038 2377 1161 2442 nempe
1205 2359 1275 2439 est,
1306 2354 1399 2440 quod

257 2477 514 2545 substantivum
533 2479 710 2567 appellant
727 2481 955 2566 grammatici.

344 2605 533 2673 Nominum
552 2588 719 2672 alia'sunt
733 2606 887 2694 propria,
909 2606 977 2672 alia
995 2604 1191 2673 communia
1211 2627 1270 2672 seu
1284 2605 1398 2693 appel·

193 2731 236 2797 15
259 2731 379 2816 lativa3
403 2755 539 2799 rursum
558 2732 626 2797 alia
645 2732 845 2818 aequivoca,
866 2732 934 2799 alia
949 2733 1111 2817 univoca,
1135 2740 1176 2799 ut
1205 2755 1308 2822 supra
1328 2732 1396 2799 dic-

258 2863 345 2941 tum,
362 2857 576 2925 rursumalia
588 2857 741 2946 propria,
759 2858 828 2923 alia
844 2858 1076 2946 appropriata.
1093 2858 1253 2946 Propria,
1272 2881 1359 2944 quae
1377 2882 1398 2926 8

258 2988 433 3050 naturast
452 2983 600 3072 aprima
624 2982 843 3049 institutione
867 2990 959 3066 sunt;
979 2983 1216 3071 appropriata,
1241 2984 1330 3051 sicut
1354 3007 1393 3050 88

257 3130 345 3193 quae
364 3131 384 3175 a
403 3108 665 3194 consuetudine,
683 3131 765 3175 casu
779 3110 835 3175 vol
849 3108 984 3195 habitu,
1009 3116 1048 3176 ut
1061 3108 1264 3211 Aristoteles
1281 3110 1396 3198 appel·

256 3235 349 3300 latur
367 3233 603 3323 philosophus,
623 3235 832 3302 architectus
851 3241 886 3302 et
898 3235 1033 3302 similia.
1050 3235 1203 3302 Rursum
1216 3235 1398 3302 nominum

189 3365 235 3432 20
256 3360 325 3426 8118
353 3366 436 3427 sunt
463 3360 708 3449 significativa,
744 3367 865 3449 utpote
893 3384 980 3447 quae
1012 3359 1208 3427 referuntur
1239 3360 1282 3426 ad
1310 3360 1397 3428 illud

257 3487 349 3572 quod
359 3486 599 3574 principaliter
609 3508 651 3552 ex
660 3486 840 3575 primitiva
852 3486 1001 3573 quadam
1019 3486 1273 3573 significatione
1285 3486 1397 3574 expri-

255 3618 369 3697 munt,
388 3618 428 3677 ut
447 3634 537 3699 aqua
556 3611 731 3699 significat
749 3634 892 3699 equam3
912 3612 980 3678 8118
1000 3619 1081 3678 sunt
1104 3612 1417 3698 818181φῇ88888,

255 3760 343 3824 quae
378 3759 449 3805 non
477 3761 518 3803 ex
550 3738 760 3825 etymologia
791 3739 847 3805 vel
877 3737 954 3804 aliis
985 3737 1254 3804 circumstantiis
1283 3758 1396 3824 gram-

256 3847 488 3948 maticalibus,
507 3862 566 3929 sed
585 3885 627 3929 ex
645 3862 794 3929 secunda
813 3863 1032 3930 institutione
1052 3870 1176 3931 notant
1190 3862 1335 3949 aliquid,
1354 3869 1394 3928 ut

189 3988 233 4054 25
256 3989 399 4079 politica
412 3991 427 4072 ll
442 3989 615 4075 significat
636 3989 640 4077 l
661 3988 840 4055 scientiam
861 4012 948 4076 quac
969 4014 1038 4056 non
1054 3991 1166 4058 solum
1183 3990 1226 4057 all
1244 3988 1397 4056 civitatis
1421 3947 1560 4100 {234

255 4114 552 4204 gubernationem,
565 4115 740 4182 sedetiam
753 4116 796 4182 ed
808 4138 992 4202 regnorum
1004 4117 1291 4203 gubernationem
1307 4138 1399 4203 spec

256 4248 326 4329 tat,
347 4248 507 4309 nontam
532 4242 569 4307 in
592 4241 743 4309 nominis
766 4241 868 4309 huius
891 4242 1021 4309 virtuto
1053 4265 1157 4330 qutun
1185 4242 1222 4308 in
1247 4240 1397 4309 nominis

347 4509 364 4560 6
380 4522 572 4577 quancunque
588 4504 612 4556 Τ
658 4507 686 4557 13
702 4505 916 4558 substantiuum
934 4505 967 4557 T:
983 4504 1175 4557 substantiam
1191 4503 1247 4557 ΜΘ
