3420 5190
400 734 683 839 IORDANI
727 737 936 841 BRVNI
981 736 1231 842 NOLANI
1408 745 1502 811 w

259 1014 310 1078 IN
341 1013 660 1082 MORDENTIVM
692 1018 751 1082 ΕΤ
784 1018 848 1083 DE
879 1019 1146 1086 MORDENTH
1178 1021 1370 1088 CIRCINO

717 1251 917 1305 DIALOGOS.

330 2217 378 2284 Ut
401 2239 535 2302 verum,
552 2215 602 2281 ita
626 2224 659 2280 et
683 2216 865 2302 vulgatum
888 2217 972 2282 satis
996 2226 1047 2282 est
1068 2218 1179 2283 Deum
1196 2218 1381 2306 providen-

194 2350 309 2413 5tem
337 2343 439 2407 certis
471 2341 675 2428 quibusdam
699 2343 912 2431 temporibus
942 2343 1143 2428 Mercurios
1169 2343 1293 2429 quibus
1314 2368 1381 2409 me·

239 2468 416 2532 diautibus
436 2468 547 2533 labori
577 2475 611 2532 et
640 2467 778 2554 inopiae
808 2468 1006 2533 mortalium
1036 2477 1226 2553 succurrat,
1247 2493 1264 2533 e
1284 2470 1379 2534 caeto

239 2593 389 2672 mittere3
412 2592 699 2677 quemadmodum
718 2599 753 2656 et
772 2600 897 2658 natura
916 2601 1152 2680 comparatum
1183 2601 1248 2678 est,
1268 2602 1307 2658 ut
1327 2617 1381 2658 ea-

238 2717 315 2782 dem
347 2717 598 2783 vicissitudinis
632 2718 779 2804 quodam
811 2717 908 2783 fluxu
940 2719 1101 2807 propriae
1133 2719 1379 2785 foecunditatis

237 2865 360 2907 manus
388 2842 590 2930 adaperiens
614 2867 631 2907 e
655 2843 826 2929 profundo
855 2865 1021 2929 caecoque
1046 2844 1209 2909 materiae
1234 2845 1311 2910 sinu
1342 2843 1379 2909 in

173 2973 215 3036 10
237 2967 348 3033 lucem
377 2992 447 3034 non
475 2968 575 3034 modo
595 2967 762 3055 producat
786 2968 960 3051 universa,
985 2968 1044 3033 sed
1072 2977 1106 3033 et
1129 2968 1377 3055 perfectissime

237 3093 376 3159 tandem
395 3093 576 3180 producat,
601 3094 630 3158 si
651 3093 829 3181 quippiam
849 3102 976 3159 temere
992 3116 1062 3158 non
1081 3093 1249 3178 adoritur,
1270 3094 1379 3180 siper

236 3217 378 3283 humani
409 3218 570 3284 desiderii
594 3220 776 3306 appulsum
800 3220 882 3285 illuc
905 3220 1107 3306 diligentiae
1131 3219 1305 3305 studiique
1329 3242 1379 3284 ar·

237 3367 312 3408 cum
344 3366 413 3408 non
444 3343 608 3427 intendit,
636 3367 702 3429 quo
722 3368 901 3431 nunquam
925 3345 1089 3431 sagittam
1119 3345 1317 3429 intorqueat
1344 3351 1378 3409 ot

237 3469 417 3553 iaculetur,
449 3469 508 3535 illo
537 3470 679 3555 inquam
699 3470 827 3534 crebris
853 3470 1006 3535 colliniet
1025 3456 1297 3551 intentionibus,
1314 3469 1375 3533 ubi

171 3602 212 3666 15
237 3595 433 3680 nunlquam
451 3594 568 3679 feriat,
589 3618 655 3681 quo
675 3597 730 3660 vol
750 3618 830 3660 casu
848 3595 987 3660 tandem
1001 3618 1070 3661 non
1082 3595 1248 3680 attingat,
1261 3593 1378 3679 singu·
1401 3609 1432 3657 a
1444 3596 1497 3658 ἓν

236 3719 368 3805 larique
388 3719 460 3785 ictu
489 3720 592 3785 semel
621 3719 728 3785 faeiat
760 3728 863 3805 atque
891 3720 1046 3806 perficiat
1066 3720 1155 3806 quod
1186 3718 1375 3784 innumeris

237 3845 314 3909 aliis
332 3845 441 3910 veluti
460 3869 639 3933 perperam
665 3846 864 3910 intentarat.
888 3847 1007 3933 ipsum
1026 3846 1081 3911 vel
1105 3846 1141 3909 in
1161 3868 1229 3910 uno
1254 3845 1374 3909 saltem

236 3971 379 4056 antiquo
408 3971 631 4036 mensurandi
650 3971 763 4036 studio
796 3970 877 4036 licet
897 3970 1137 4057 contemplari,
1155 3970 1215 4035 ubi
1235 3970 1374 4034 tandem

235 4095 415 4160 Fabricius
434 4096 595 4162 Mordons
616 4095 872 4180 Salaminorum,
892 4096 1133 4161 inventionum
1165 4094 1375 4160 mechanicu-

167 4228 212 4293 20
233 4241 310 4285 rum
330 4243 471 4307 parens,
494 4244 563 4287 non
588 4222 688 4287 modo
712 4222 852 4286 huiusce
869 4222 1004 4308 generis
1024 4229 1114 4287 artes
1134 4222 1300 4307 collapsas
1324 4220 1374 4284 iu·

324 4491 545 4544 strennuitatis
610 4494 638 4542 u
656 4492 782 4542 oollimot
