3420 5190
964 370 975 391 .

580 423 762 469 ricvnlrm
783 424 916 467 Puvsrcr
937 423 1086 467 ivnrrvs.
1343 404 1402 463 217

257 579 396 647 docenti
410 579 538 662 doceri,
554 578 584 643 si
600 578 789 644 secundum
805 577 953 664 speciem
966 577 1070 642 aliam
1087 576 1130 641 ab
1146 575 1223 659 illa,
1240 575 1306 640 erit
1320 598 1402 640 sane

257 705 421 772 devenire
432 703 476 770 ad
494 726 635 770 movens
651 703 833 768 immotum
850 701 1038 768 secuudrun
1049 701 1153 766 aliam
1170 699 1319 786 speciem
1333 721 1403 765 mo-

257 836 314 895 tus
330 853 349 895 a
368 828 545 916 speciebus
562 833 720 893 motuum
732 827 878 893 aliorum
890 825 1083 906 mobilium,
1102 830 1136 889 et
1153 831 1402 910 consequenter

258 953 443 1020 immobile.
456 953 528 1018 Nec
541 958 593 1017 est
607 951 698 1038 quod
711 951 825 1039 fugias
837 949 982 1016 dicendo
996 948 1258 1014 circulationem
1276 949 1313 1012 iu
1333 971 1403 1013 mo-

213 1079 234 1142 5
257 1078 365 1159 tibus;
385 1077 434 1143 sic
453 1076 546 1143 enim
565 1076 739 1164 oportebit
752 1076 797 1141 ad
810 1083 942 1141 motum
962 1074 1148 1139 secundum
1169 1073 1313 1139 eandem
1329 1097 1405 1160 spe·

257 1203 344 1269 ciem
363 1203 550 1269 secundum
567 1225 672 1288 quam
691 1207 806 1267 movet
822 1199 991 1265 devenire.
1011 1198 1161 1264 Proinde
1179 1198 1208 1263 si
1224 1198 1403 1264 invenitur

256 1335 389 1393 motum
408 1349 479 1392 non
497 1349 653 1410 movens,
674 1348 734 1391 cur
753 1347 895 1390 movens
914 1346 985 1388 non
1004 1331 1136 1388 motum
1155 1344 1226 1387 non
1245 1321 1400 1388 invenie·

255 1452 338 1518 tur?
367 1452 491 1517 Nonne
521 1449 581 1517 ubi
611 1451 680 1517 duo
700 1450 767 1515 sibi
797 1449 945 1514 invicem
965 1447 1143 1530 accidunt,
1168 1447 1198 1511 si
1228 1469 1337 1512 unum
1355 1448 1399 1513 ab

255 1578 363 1643 altero
387 1599 540 1643 seorsum
563 1574 755 1657 invenitur,
779 1581 814 1640 et
838 1573 986 1639 alterum
1010 1578 1259 1656 consequenter
1279 1571 1283 1658 Ι
1304 1571 1399 1637 inve·
1423 1574 1541 1654 (111)

191 1698 232 1762 10
254 1701 391 1767 nietur?
411 1701 528 1768 Tertio
543 1701 585 1766 iis
602 1701 707 1766 etiam
721 1701 950 1784 Anaxagorae
966 1696 1139 1762 sententia
1155 1695 1399 1782 adstipulatur,

255 1826 332 1892 ideo
356 1825 485 1913 quippe
509 1825 724 1892 intellectum
744 1829 905 1911 agentem
934 1828 969 1886 et
996 1826 1193 1885 moventem
1216 1819 1401 1906 ipsumque

256 1950 454 2017 immixtum
473 1950 609 2033 asserit,
628 1956 668 2015 ut
691 1949 821 2036 optimo
849 1947 924 2012 iure
952 1945 1068 2032 ipsum
1086 1945 1256 2030 imperare
1279 1944 1400 2011 faciat.

255 2075 361 2141 Haud
379 2074 488 2162 igitur
507 2097 648 2141 movens
667 2073 846 2160 quodlibet
865 2070 1071 2138 movebitur.

754 2417 828 2462 ΛΒΤ.
853 2418 901 2462 ΙΙΙ.

603 2543 703 2582 Primum
719 2547 828 2582 merorem
843 2553 892 2583 esre
906 2543 1053 2582 lmnrcbllcm.

343 2789 412 2855 Hic
430 2790 461 2855 si
479 2791 523 2856 ab
543 2790 611 2856 alio
632 2798 824 2871 moveatur,
842 2812 912 2855 uon
927 2788 993 2853 erit
1006 2787 1154 2874 primuS,
1175 2787 1205 2853 si
1224 2811 1244 2853 a
1264 2811 1314 2871 se,
1335 2788 1402 2853 erit

255 2914 292 2980 in
312 2937 351 2981 eo
378 2915 475 3004 prius
496 2938 598 3002 quam
622 2914 668 2981 sit
691 2915 777 3003 ipse,
798 2937 876 2980 cum
895 2913 983 2979 nihil
999 2937 1019 2979 a
1038 2936 1074 2979 se
1104 2913 1179 3000 ipso
1198 2913 1311 2999 primo
1332 2935 1402 2977 mo-

255 3048 378 3105 veatur
400 3048 435 3105 et
467 3063 567 3106 omne
591 3063 626 3105 se
649 3063 790 3106 movens
806 3040 845 3104 in
862 3062 924 3126 per
948 3061 984 3103 se
1006 3043 1204 3103 moventem
1228 3046 1263 3102 et
1281 3060 1343 3123 per
1362 3060 1399 3103 se

255 3174 384 3231 motam
414 3171 550 3253 partem
579 3163 770 3248 dividatur,
797 3173 835 3230 ut
858 3163 999 3229 tandem
1026 3185 1163 3227 necesso
1188 3162 1235 3228 sit
1264 3170 1400 3249 partem

189 3293 233 3357 20
255 3290 409 3376 aliquam
430 3312 516 3376 quae
535 3290 677 3355 immota
696 3296 833 3356 moveat
848 3288 1002 3375 primum
1020 3288 1195 3375 appellare
1216 3295 1400 3369 motorem;

256 3415 475 3501 nequeenim
494 3414 596 3480 facile
611 3421 663 3481 est
682 3414 812 3501 fingere
832 3420 943 3479 totum
963 3412 1055 3498 quod
1075 3435 1110 3478 se
1131 3418 1269 3477 moveat
1284 3435 1347 3499 per
1363 3436 1399 3478 sc

255 3538 381 3625 primo,
398 3562 461 3605 nec
477 3545 809 3626 utramquepartem
825 3562 861 3605 se
877 3537 1027 3604 invicem
1043 3537 1217 3623 reciproce
1232 3537 1400 3603 vicissim·

256 3687 323 3749 que
341 3673 532 3749 moventes,
557 3687 668 3752 neque
691 3689 727 3731 se
749 3665 861 3752 ipsam
885 3670 1080 3729 moventem
1104 3662 1296 3748 quamlibet
1318 3686 1396 3750 par-

257 3794 336 3854 tem.
355 3790 401 3854 Et
420 3811 490 3855 nou
509 3798 645 3877 oport-et
660 3813 733 3856 esse
755 3796 826 3854 tres
850 3789 906 3854 vel
924 3790 1041 3875 plures
1059 3795 1189 3875 partes,
1217 3793 1255 3852 ut
1284 3810 1326 3852 ex
1354 3787 1397 3854 iis

189 3916 233 3979 25
256 3936 326 3980 una
349 3914 395 3980 sit
418 3938 506 4002 quae
529 3924 665 3983 moveat
688 3922 723 3980 et
747 3922 939 3997 moveatur5
964 3914 1024 3979 illa
1044 3914 1136 3979 cuim
1154 3935 1235 4000 pars
1259 3913 1289 3978 si
1308 3936 1397 3979 amo·

256 4046 391 4126 veatur,
412 4040 523 4107 adhuc
541 4048 653 4108 totum
673 4065 708 4106 se
724 4041 837 4128 ipsum
857 4039 1019 4106 movebit.

345 4304 377 4353 26
394 4318 489 4352 manca
503 4300 532 4351 la
544 4300 651 4367 virqora

391 4559 468 4600 linum
485 4560 540 4609 opp.
555 4557 596 4595 lut.
613 4555 636 4607 1,
650 4555 670 4595 4.
