3420 5190
460 422 573 468 SVMMA
592 424 811 470 Tttanrnoltvn
832 426 1143 473 trurarrtxfflcouvn.
1318 414 1375 474 127

707 714 909 782 Evrnnnrm.

319 945 505 1014 Evidentia
535 969 616 1013 vero
647 954 699 1013 est
730 949 862 1036 optima
893 949 1102 1037 cognitionis
1135 951 1277 1038 speeies,
1309 974 1376 1039 qua

232 1093 352 1136 sensus
370 1070 522 1159 perfecte
545 1096 607 1138 sue
627 1073 795 1159 sensibili,
817 1074 946 1160 absque
965 1075 1077 1142 medio
1097 1082 1198 1160 teste,
1220 1083 1254 1141 et
1275 1077 1377 1142 intel-

230 1196 340 1262 lectus
359 1218 420 1262 suo
440 1196 670 1284 intelligibili,
686 1199 815 1285 absque
833 1200 1052 1284 auctoritate,
1070 1200 1136 1266 fide
1156 1201 1298 1288 propria
1318 1203 1374 1268 vel

186 1323 208 1388 b
230 1320 355 1405 aliena,
377 1321 435 1387 sed
464 1345 527 1410 per
545 1346 595 1408 se,
616 1324 804 1390 secundnm
824 1348 859 1390 se
878 1332 912 1391 et
940 1325 978 1390 in
1003 1349 1051 1409 se,
1072 1325 1077 1413 Ι
1098 1349 1141 1391 ne
1160 1325 1374 1393 dubitationi
1401 1326 1499 1392 516
1517 1324 1559 1391 G

230 1448 326 1513 loeus
344 1448 436 1514 ullus
455 1471 528 1515 esse
546 1449 656 1537 possit
679 1473 741 1540 per
764 1473 932 1539 seneque
955 1474 1018 1541 per
1041 1450 1213 1537 accidenS,
1237 1450 1377 1516 coniun-

159 1550 169 1568 ”
230 1572 328 1661 gitur
346 1580 381 1640 et
396 1573 527 1642 unitur.

673 1822 940 1833 m

304 2051 374 2107 Allo
399 2053 519 2108 Summa
543 2053 736 2108 terminorum
758 2055 795 2124 sa
813 2056 923 2125 reperite
946 2053 1015 2108 neli’
1025 2054 1152 2108 edizione
1176 2053 1208 2108 di
1232 2054 1381 2123 liunberg]

235 2146 334 2214 queste
355 2145 493 2198 trattate:
517 2142 720 2200 Terminorum
745 2144 952 2198 nonnullorum
977 2142 1137 2214 explicatio
1156 2160 1172 2196 e
1188 2146 1319 2198 tractatu
1343 2142 1380 2196 de

236 2230 464 2286 Definitionibus
489 2231 550 2286 diri
574 2233 735 2287 Athanasii
759 2233 897 2304 Episcopi
916 2231 1125 2302 Alexandrini,
1142 2249 1217 2303 quae
1237 2232 1381 2286 collectae

236 2325 307 2374 sunt
329 2339 347 2376 a
362 2319 513 2376 Clemente
539 2326 570 2376 et
589 2322 656 2376 aliis
681 2322 793 2377 sanctis
818 2321 892 2377 viris
916 2341 951 2377 ae
971 2321 1067 2376 beatis
1087 2321 1231 2393 patribus,
1257 2323 1284 2375 Ii
1299 2323 1380 2376 titolo

235 2413 326 2465 stesso
346 2410 448 2465 indica
467 2413 516 2465 cire
531 2415 632 2482 queste
649 2413 786 2482 eprrscele
805 2429 865 2467 nen
883 2411 897 2466 e
915 2429 946 2466 se
966 2429 1025 2466 nen
1044 2428 1085 2466 ure
1104 2413 1225 2466 estratte
1246 2411 1293 2466 aa
1313 2412 1381 2465 nete

235 2502 361 2555 trattete
374 2501 553 2570 falsamente
568 2501 722 2556 attribuito
738 2501 779 2556 ad
793 2501 952 2556 Atarneo:
969 2500 1076 2554 Variae
1092 2499 1279 2554 definitiones
1296 2498 1381 2554 iuxta

236 2588 427 2645 traditionem
455 2589 600 2662 fidemque
620 2589 784 2645 catholicae
809 2590 966 2659 ecclesiae,
987 2590 1129 2645 collectae
1155 2606 1191 2643 ex
1216 2588 1379 2658 Clemente,

237 2678 361 2752 aliisque
387 2678 500 2734 sanetis
525 2677 599 2735 viris
615 2679 770 2751 beatisque
791 2678 940 2751 patribus,
965 2697 1039 2751 quas
1063 2697 1135 2751 prae
1155 2677 1221 2732 aliis
1247 2676 1382 2732 omnibus

237 2766 402 2841 disciplinis
416 2769 498 2824 adire
512 2776 601 2840 atque
615 2767 714 2824 auimo
727 2769 883 2840 complecti
894 2775 1013 2840 oportet
1023 2785 1090 2823 eum
1102 2768 1163 2839 qui,
1175 2768 1237 2823 Deo
1252 2768 1382 2838 iuvante,

236 2859 328 2914 verbo
345 2857 482 2913 veritatis
498 2876 639 2930 praeesse
654 2859 794 2927 voluerit;
807 2876 932 2914 necnon
945 2857 1079 2929 quisquis
1091 2857 1288 2913 orthodoxam
1301 2863 1384 2912 tenet

237 2947 427 3018 sententiam,
456 2947 659 3018 sinceramque
684 2947 773 3001 fldem
797 2947 888 3002 hahet
907 2963 980 3017 erga
1002 2948 1100 3001 Deum
1118 2948 1244 3019 (Mipne,
1270 2949 1384 3002 Patrel.

238 3037 262 3092 G
266 3054 341 3093 racc.
357 3037 499 3092 XXVIII.
513 3038 564 3092 cel.
581 3038 653 3108 534).
672 3038 696 3090 A
706 3040 796 3107 parte
812 3039 837 3091 le
851 3037 1006 3106 differenze
1019 3038 1050 3091 eti
1065 3037 1168 3107 lineae
1181 3053 1260 3092 cerne
1273 3035 1384 3092 idioma

237 3127 269 3180 in
284 3127 368 3197 inope
382 3128 413 3180 di
426 3125 600 3197 proprietas,
616 3125 760 3180 idiomata
776 3125 1013 3181 extraordinaria
1028 3127 1060 3180 in
1074 3127 1160 3196 inope
1175 3126 1207 3180 di
1219 3126 1383 3197 proprieta-

238 3221 285 3270 tes
303 3215 526 3285 subordinatae,
542 3215 599 3270 rufi
613 3217 644 3269 in
660 3218 744 3286 lnepe
764 3216 796 3269 di
815 3214 887 3270 flavi
903 3222 973 3286 eta,
987 3217 998 3270 i
1013 3216 1070 3270 date
1087 3217 1237 3270 tertianae
1256 3217 1383 3270 identici.

239 3306 276 3360 Se
291 3322 349 3360 nen
365 3308 415 3360 che
430 3304 444 3360 t
459 3306 500 3360 de
515 3306 662 3360 coventre
681 3307 731 3359 che
746 3305 813 3359 nell’
825 3305 952 3359 edizione
971 3305 1002 3359 di
1022 3305 1172 3375 Merberq
1191 3321 1262 3359 sene
1280 3305 1385 3360 saltati

239 3396 249 3449 i
268 3392 287 3469 ς·
301 3398 356 3448 1-4
375 3396 422 3450 del
440 3411 505 3465 cap.
522 3395 553 3461 I,·
571 3395 619 3449 del
633 3392 652 3469 ξ
668 3399 686 3448 5
701 3394 715 3449 d
731 3394 878 3463 ripen-tete
894 3394 1023 3448 saltante
1037 3395 1059 3448 ii
1070 3410 1163 3464 posse
1178 3396 1227 3448 circ
1240 3395 1384 3448 cenatoria

239 3485 311 3538 colle
322 3486 428 3554 parole
443 3483 558 3538 finitum
572 3490 619 3538 est
633 3483 710 3555 quod
725 3501 794 3537 sues
814 3482 957 3537 terminos
976 3501 1035 3537 non
1055 3482 1183 3548 excedit,
1205 3501 1219 3538 e
1232 3485 1333 3554 firrr'ace
1349 3489 1384 3538 ut

239 3573 325 3644 panis
351 3582 381 3629 et
403 3573 524 3644 similia,
547 3576 598 3644 pei
619 3574 650 3628 di
673 3590 767 3628 reneee
791 3590 862 3628 sene
886 3574 990 3628 seltati
1008 3574 1018 3626 i
1036 3573 1197 3644 pereprafi
1224 3577 1242 3627 6
1266 3590 1280 3628 e
1301 3576 1317 3627 7
1342 3576 1386 3628 ai-

240 3661 259 3714 t’
269 3663 383 3732 infriari
410 3664 489 3718 delle
510 3664 568 3734 fine
591 3664 623 3718 di
647 3663 847 3733 qrrest'nltinae
872 3660 986 3716 Idionra
1011 3661 1119 3715 dicitur
1140 3660 1218 3732 quod
1241 3667 1383 3732 tanquam

239 3752 390 3824 proprium
415 3752 444 3805 in
471 3760 576 3806 natura
596 3750 751 3822 subsistit3
770 3752 860 3821 infinc
885 3754 985 3821 qrreete
1007 3753 1097 3805 incise
1116 3753 1195 3806 sulla
1216 3750 1384 3822 proprietas

240 3859 256 3896 e
274 3840 384 3896 idioma
407 3840 551 3911 &reperite
575 3842 616 3895 da
636 3841 678 3895 cie
704 3843 754 3895 che
771 3842 873 3910 ferrara
893 3842 915 3894 it
930 3841 1057 3911 capitote
1078 3841 1130 3893 III
1145 3841 1192 3893 det
1218 3841 1318 3911 altique
1341 3841 1385 3893 in-

240 3931 354 3985 titelato
383 3932 517 4001 apponte
541 3929 619 3996 Quid
642 3928 749 3984 dicitur
767 3928 943 3999 proprietas.
968 3931 1030 3983 Del
1054 3926 1073 4003 ξ
1096 3931 1114 3983 8
1134 3928 1182 3983 del
1205 3932 1234 3981 1⁰
1253 3930 1381 3998 capitale

240 4021 306 4075 eine
321 4021 384 4075 ella
397 4021 455 4090 fine
474 4020 505 4074 di
524 4035 586 4074 esse
603 4021 613 4073 i
632 4019 687 4073 dne
707 4020 770 4073 terti
789 4035 861 4073 serre
880 4018 1027 4087 conformi
1033 4059 1039 4087 ,
1057 4034 1071 4072 e
1091 4019 1223 4072 trattane
1243 4019 1288 4072 dei
1304 4019 1382 4072 verli

239 4109 396 4181 eipnificati
411 4110 490 4164 delle
502 4110 615 4179 parete
626 4110 737 4162 natren
753 4125 767 4162 e
780 4109 854 4163 delle
865 4107 1022 4176 differenze
1033 4107 1214 4177 filosoficlree
1230 4107 1383 4177 teelepicbe

240 4201 290 4254 tra
305 4203 419 4254 uetera
442 4200 608 4269 eipestaei.
627 4199 696 4250 Alte
714 4198 800 4267 qrrcrie
824 4196 999 4252 trattaziene
1022 4213 1148 4267 sequeno
1169 4199 1268 4268 qaeeste
1293 4197 1384 4251 altre:

240 4289 333 4343 Actus
347 4289 459 4360 (Miqne
472 4304 537 4357 cap.
550 4289 567 4340 Ι
571 4289 596 4343 V
608 4287 661 4342 Vis
677 4285 809 4358 agendi),
823 4286 929 4342 Unitas
945 4286 1057 4358 pilique
1070 4302 1134 4356 cap.
1156 4287 1182 4341 V
1194 4287 1237 4340 Do
1251 4285 1381 4355 unione),

334 4486 349 4537 d
366 4486 542 4537 authoritate
556 4485 589 4535 M
