3420 5190
680 430 819 477 lonnnul
839 430 941 476 narrt

656 709 716 774 VI.
743 709 967 776 Ennnsurvn.

330 953 588 1020 Elementorum
623 952 815 1038 ordinator,
853 953 1056 1041 dispositor,
1095 951 1304 1041 compositor
1337 957 1373 1016 et

241 1077 441 1163 distinctor,
465 1079 556 1146 unde
579 1079 769 1167 primarum
791 1079 943 1167 partium
965 1079 1121 1145 universi
1143 1077 1247 1144 series
1275 1083 1310 1142 et
1327 1082 1381 1141 to-

242 1203 311 1269 tius
324 1202 445 1269 mundi
464 1205 666 1271 constitutio
679 1212 714 1270 et
723 1205 971 1272 architecturae
989 1202 1173 1270 fabricatio
1192 1202 1381 1269 derivatur.

674 1491 753 1558 VII.
777 1491 946 1557 Marsum.

329 1730 435 1797 Cuius
458 1730 651 1819 operationi
669 1728 873 1796 universalis
897 1728 1042 1794 materia
1064 1728 1194 1812 subest,
1215 1750 1319 1814 quam
1337 1727 1382 1793 ad

240 1856 482 1924 formationem
506 1859 660 1924 omnium
683 1856 874 1944 specierum
903 1855 976 1943 ipse
1002 1855 1188 1943 promovit,
1211 1877 1382 1942 quamque

242 1984 388 2050 subinde
416 1984 461 2052 ad
483 1983 745 2072 particularium
768 1982 1038 2070 generationem,
1067 1982 1164 2048 iuxta
1187 1982 1383 2049 innumera-

239 2109 364 2176 bilium
382 2109 642 2175 individuorum
660 2108 934 2175 vicissitudinem
953 2130 973 2173 a
992 2107 1226 2173 subordinatis
1249 2107 1379 2175 caussis

176 2233 219 2297 10
239 2234 485 2323 peragendam,
504 2258 566 2323 per
585 2235 826 2302 aeternitatem
845 2234 1036 2300 seculorum
1055 2233 1254 2300 destinavit.

641 2511 738 2578 VIII.
769 2511 971 2590 Quamuis.

328 2732 396 2811 Qui
419 2732 576 2799 infinitus
600 2734 738 2801 infinita
760 2734 930 2822 potentia,
958 2733 1130 2821 sapientia
1152 2740 1257 2819 atque
1280 2732 1380 2799 boni·

239 2866 325 2944 tate,
347 2859 351 2947 l
371 2858 509 2924 infinito
533 2858 600 2924 sibi
624 2859 776 2927 subiecto
795 2860 832 2925 in
852 2859 977 2947 spatio,
1001 2859 1243 2944 infinitamque
1259 2865 1378 2945 poten·
1406 2877 1477 2941 ¹72
1488 2879 1548 2942 Μ

240 2984 325 3049 tiam
349 2984 592 3070 susceptricem
620 2986 907 3051 sufficientissime
934 2985 1156 3050 foecundavit
1184 2993 1288 3069 atque
1311 2983 1381 3049 foe-

177 3112 217 3174 15
242 3109 383 3194 cundat,
401 3115 440 3174 ut
466 3109 556 3175 sicut
575 3110 647 3197 ipse
663 3117 715 3175 est
740 3111 897 3176 infinitus
922 3111 1107 3195 intensive,
1125 3116 1218 3175 totus
1243 3109 1381 3194 ubique,

239 3235 289 3300 ita
313 3236 417 3300 ctiam
444 3258 506 3322 pro
535 3244 638 3322 captu
661 3236 860 3302 inveniatur
884 3236 1059 3302 infinitum
1090 3258 1291 3322 corporeum
1319 3257 1379 3300 seu

240 3361 429 3445 materiale,
449 3361 541 3448 quod
560 3361 665 3427 variis
689 3363 858 3449 partibus,
878 3363 984 3428 variis
1008 3362 1045 3426 in
1064 3363 1148 3428 locis
1171 3361 1323 3448 aprutium
1343 3367 1377 3425 et

239 3485 402 3551 materiae
422 3488 615 3573 appetitum
635 3489 804 3575 compleat
823 3497 858 3553 et
876 3490 1021 3576 expleat.

674 3733 738 3798 IX.
769 3733 949 3810 Qramrns.

173 3960 217 4023 ι20
331 3968 477 4055 Expleat
497 3977 609 4034 autem
630 3994 700 4036 non
719 3973 828 4036 solum
848 3971 1123 4057 magnitudinem
1143 3977 1247 4056 atquo
1267 3977 1377 4035 certos

241 4092 326 4158 fines
346 4095 531 4181 uuicuique
550 4097 800 4182 praescribens,
820 4098 878 4161 sed
897 4097 1186 4184 otiampotentias
1206 4096 1381 4162 naturales

239 4225 344 4305 atquc
361 4220 542 4286 lacultutes
558 4223 801 4308 naturalesque
817 4223 1071 4309 dispositiones,
1086 4224 1211 4308 quibus
1224 4223 1267 4288 ad
1280 4245 1380 4307 agen·

338 4389 344 4393 .
370 4389 460 4395 ——
505 4390 557 4395 .....
573 4392 633 4396 -.-
664 4392 693 4396 --
740 4393 770 4397 --
814 4393 823 4396 ,Α
869 4393 881 4397 -
918 4393 971 4398 ....
1016 4392 1090 4398 ⁸-..
1116 4395 1120 4398 .
1162 4395 1165 4397 .
1215 4395 1227 4399 -
1267 4395 1270 4398 ,
1335 4390 1374 4399 .-

331 4479 361 4529 17
378 4481 505 4545 spacium
519 4480 550 4530 M
