3420 5190
506 424 619 469 SVMMA
639 421 860 469 Tennluonvu
879 419 1194 467 METAPHYSICORVM.
1380 402 1419 463 55

277 579 483 665 essentialia
497 580 586 645 sicut
598 579 727 667 species
738 585 789 644 est
800 600 881 666 pars
892 575 1039 664 generis.
1048 575 1094 641 Et
1108 574 1192 641 haec
1207 573 1420 640 intellectiva

278 706 430 794 cognitio
448 728 585 772 rursum
608 711 660 771 est
683 703 825 792 duplex,
849 701 1054 789 inquisitiva
1076 724 1136 767 seu
1156 700 1347 767 secundum
1363 722 1422 786 po·

275 832 437 917 tentiam,
457 839 492 898 et
512 832 516 920 Ι
537 830 727 897 indicativa
745 853 804 896 seu
821 828 1007 896 secundum
1024 835 1153 911 aotum;
1169 827 1283 915 prima
1306 826 1417 892 estad
1443 819 1514 884 48
1526 819 1581 883 M

277 957 512 1046 cognitionem
531 981 591 1024 seu
606 957 651 1023 ad
669 957 863 1024 doctrinam
886 962 921 1023 et
944 955 1176 1043 disciplinam,
1198 952 1347 1022 secunda
1366 959 1418 1020 est

233 1083 254 1147 5
277 1083 455 1152 doetrinae
473 1090 509 1150 et
525 1083 738 1173 disciplinae.

476 1400 616 1466 XXXI.
640 1401 746 1466 Parus
773 1421 815 1465 nr
842 1399 1001 1465 XXXII.
1019 1400 1218 1465 Posrnmvs.

365 1705 467 1771 Prius
497 1705 630 1792 aliquid
661 1704 789 1772 dicitur
812 1704 880 1773 alio
909 1711 970 1772 aut
999 1711 1137 1788 natura,
1166 1703 1257 1770 sicut
1284 1704 1336 1771 sol
1366 1713 1419 1771 est

276 1830 374 1919 prius
393 1852 497 1916 quam
515 1853 577 1897 sua
595 1830 655 1896 lux
674 1837 709 1896 et
724 1852 806 1897 suus
826 1831 930 1914 calor,
951 1830 1042 1896 sicut
1060 1852 1162 1895 causa
1183 1828 1187 1919 l
1208 1836 1348 1895 aeterna
1371 1829 1419 1894 ef·
1442 1825 1551 1891 458
1566 1825 1609 1893 G

277 1956 372 2022 fectu
392 1960 587 2039 coaeterum
605 1962 666 2022 aut
680 1955 874 2040 duratione,
893 1956 983 2021 sicut
1004 1955 1134 2022 bellum
1158 1955 1347 2021 Troianum
1365 1963 1417 2023 est

215 2091 257 2155 10
278 2082 376 2172 prius
407 2081 546 2148 condita
573 2080 703 2165 Roma;
727 2087 788 2148 aut
819 2104 890 2147 non
913 2080 1136 2147 convertendi
1160 2081 1415 2167 consequentia,

276 2205 415 2294 quando
435 2206 567 2273 scilicet
589 2229 608 2272 e
631 2206 764 2273 duobus
786 2230 829 2273 ex
850 2207 954 2274 unius
977 2231 1049 2274 esse
1067 2207 1223 2293 sequitur
1247 2231 1320 2273 esse
1337 2207 1419 2273 alte-

277 2331 364 2419 rius,
384 2354 455 2398 non
474 2338 643 2417 econtra,
663 2339 702 2398 ut
720 2331 895 2398 hominem
911 2355 983 2399 esse
998 2332 1095 2421 prius
1118 2339 1170 2398 est
1188 2354 1291 2418 quam
1310 2333 1420 2420 philo-

277 2457 423 2546 sophum
447 2480 533 2542 esse,
558 2457 622 2524 heo
644 2458 792 2544 ratione,
817 2458 898 2545 quia
921 2458 950 2524 si
977 2457 1201 2546 philosophus
1224 2464 1292 2544 est,
1316 2458 1417 2525 homo

279 2591 341 2669 est,
363 2605 434 2650 non
453 2588 569 2650 autem
585 2583 614 2651 si
630 2583 732 2652 homo
751 2591 815 2669 est,
830 2583 1054 2672 philosophus
1073 2590 1137 2668 est,
1152 2590 1213 2650 aut
1231 2584 1417 2672 dignitate,

215 2715 257 2780 15
281 2709 371 2776 sicut
389 2708 486 2797 prius
502 2716 554 2775 est
573 2708 732 2776 dominus
748 2732 852 2796 quam
867 2732 998 2792 servus3
1018 2716 1079 2776 aut
1098 2710 1308 2797 cognitione,
1329 2711 1419 2778 sicut

276 2834 373 2924 prius
396 2841 478 2901 sunt
497 2834 670 2924 principia
688 2835 800 2923 prima
817 2858 920 2922 quam
938 2835 1087 2901 secunda
1099 2859 1160 2902 seu
1178 2835 1340 2919 mediata;
1358 2845 1419 2911 aut

276 2960 454 3051 electione,
475 2961 565 3027 sicut
588 2960 686 3048 prius
714 2960 897 3027 defendere
920 2967 1098 3049 parentem
1127 2984 1231 3047 quam
1254 2962 1417 3045 amicum3

275 3093 336 3153 aut
352 3085 537 3174 positione,
552 3086 642 3152 sicut
656 3086 893 3173 peregrinanti
902 3086 947 3154 ad
958 3086 1062 3153 Indos
1078 3085 1307 3153 occidentales
1319 3086 1416 3178 prius

275 3212 425 3278 occurrit
447 3213 559 3278 Roma
580 3233 682 3297 quem
701 3212 850 3278 Lutetia.

209 3340 254 3404 20
364 3336 522 3404 Totidem
542 3335 652 3402 modis
676 3335 804 3403 dicitur
821 3338 1006 3425 posterius,
1026 3337 1095 3404 nisi
1119 3340 1210 3426 quod
1233 3364 1322 3408 unus
1347 3366 1418 3411 mo·

276 3461 340 3528 dus
350 3467 466 3549 potest
481 3460 598 3545 adiici,
611 3466 650 3527 ut
659 3462 830 3549 posterius
849 3470 1005 3529 sumatur
1017 3463 1214 3552 dupliciter:
1226 3489 1295 3533 uno
1305 3477 1417 3555 pacto,

275 3594 316 3653 ut
340 3586 570 3673 distinguitur
590 3591 710 3652 contre
729 3586 840 3674 prius,
860 3594 895 3653 et
917 3588 967 3654 ita
986 3588 1057 3654 suis
1081 3589 1190 3656 modis
1209 3614 1287 3657 curn
1306 3615 1345 3659 oo
1366 3602 1417 3662 est

275 3711 470 3794 definitum;
494 3711 561 3778 alio
584 3719 699 3799 paeto,
731 3718 770 3777 ut
800 3712 1029 3800 distinguitur
1052 3723 1172 3782 contra
1195 3718 1360 3803 anterius,
1382 3729 1416 3787 ot

275 3837 325 3904 ita
344 3836 529 3924 dupliciter
552 3836 802 3923 consideratur;
826 3862 895 3906 uno
918 3847 1020 3927 pacto
1044 3848 1164 3908 contra
1188 3845 1341 3911 anterius
1365 3871 1415 3911 se-

208 3964 253 4029 25
276 3962 427 4029 cundum
446 3968 595 4050 tompus,
615 3970 650 4028 ot
666 3963 715 4029 sic
729 3963 958 4051 distinguitur
973 3975 1093 4034 contra
1108 3968 1205 4055 prius
1221 3969 1416 4056 duratione;

275 4087 344 4155 alio
362 4095 464 4176 pacto
484 4088 637 4155 anterius
661 4090 849 4156 secundum
868 4091 1100 4159 differentiam
1123 4095 1279 4181 localem,
1299 4106 1335 4163 et
1353 4097 1417 4164 hoc

276 4221 379 4302 pecto
399 4214 503 4280 habet
520 4214 698 4302 propriam
717 4215 1014 4302 significationem.

1123 4407 1409 4418 ————-——

370 4484 400 4534 13
417 4483 494 4552 quie]
507 4499 564 4550 que
578 4484 602 4535 T
660 4488 691 4536 26
701 4488 782 4552 sorec
796 4492 921 4549 (contre)
935 4490 1064 4541 anterius
