3420 5190
574 431 754 475 Fluvunulo
776 431 911 476 Paraloi
931 431 1082 476 nvmrvs,
1341 414 1397 473 159

343 584 499 654 Secundo
523 587 699 653 fortunam
726 586 849 653 definit
879 609 953 653 eam
981 585 1140 673 inquiens
1163 607 1235 650 esse
1259 605 1397 649 causam

256 718 284 782 1.
303 715 390 782 citra
407 712 491 782 haec
509 737 596 802 quae
620 715 708 781 fiunt
731 737 865 802 semper
887 721 992 799 atque
1014 713 1230 799 frequenter,
1254 714 1285 776 2.
1310 711 1397 776 citra

253 841 337 908 haec
361 865 448 928 quae
470 843 584 929 gratia
608 842 754 909 alicuius
778 849 813 909 et
834 865 897 931 per
928 842 1142 924 electionem,
1167 843 1197 906 3.
1221 864 1283 927 per
1313 839 1399 905 acci·

255 968 356 1053 dens,
374 970 405 1034 4.
425 968 654 1055 indefinitam,
671 970 701 1036 5.
721 969 763 1036 de
781 993 905 1056 genere
925 970 1140 1036 infinitorum
1160 991 1248 1055 quae
1271 968 1332 1034 uni
1351 966 1399 1032 cf·

210 1092 231 1158 5
254 1094 399 1161 ficiendo
410 1103 557 1182 possunt
569 1096 787 1184 contingere,
808 1098 838 1162 6.
857 1096 913 1163 vel
931 1118 1002 1161 non
1020 1096 1217 1163 intendenti
1236 1095 1291 1162 vel
1303 1094 1398 1161 aliud

254 1219 450 1286 intendenti
468 1221 641 1307 eveniens,
664 1222 693 1287 7.
713 1221 755 1288 de
778 1243 895 1288 eorum
917 1244 1043 1308 genere
1067 1243 1154 1306 quae
1183 1221 1397 1308 aproposito

254 1346 356 1430 fiunt,
376 1346 460 1413 adeo
484 1353 524 1413 ut
542 1347 634 1413 circa
652 1346 743 1414 idem
766 1370 862 1413 mens
886 1354 990 1433 atque
1010 1349 1015 1436 Ι
1035 1346 1176 1413 fortuna
1199 1347 1328 1413 versari
1352 1347 1401 1413 vi·
1426 1345 1508 1408 13ν

254 1469 414 1554 deantur,
431 1473 462 1536 8.
482 1471 566 1557 quid
589 1479 687 1537 extra
713 1473 884 1538 rationem
906 1479 999 1538 recte
1022 1471 1169 1556 dictum,
1193 1474 1224 1538 9.
1248 1470 1400 1538 eufortu-

254 1595 352 1662 nium
378 1598 433 1663 vel
458 1597 690 1664 infortunium
717 1597 953 1682 denominans,
980 1620 1058 1663 cum
1081 1619 1246 1682 magnum
1270 1597 1399 1663 bonum

191 1725 234 1789 10
255 1722 310 1786 vel
330 1721 458 1788 malurn
478 1723 625 1807 accidat,
643 1722 698 1790 vel
716 1722 890 1789 modicum
909 1721 1061 1789 abfuerit
1079 1729 1119 1788 ut
1137 1720 1305 1788 accidant.

325 1847 460 1912 Tertio
479 1871 596 1914 casum
619 1848 662 1913 iis
681 1847 766 1934 ipsis
783 1847 908 1935 quibus
926 1870 947 1913 a
966 1846 1106 1914 fortuna
1120 1847 1257 1914 differre
1273 1847 1400 1913 intelli-

253 1970 349 2056 gitur
367 1970 497 2037 definit.
514 1973 672 2039 Fortuna
691 1972 840 2038 enimin
859 1973 943 2059 ipsis
963 1972 1090 2058 quibus
1108 1972 1198 2038 actio
1218 1974 1395 2059 competit,

255 2095 466 2184 intelligitur
480 2099 632 2186 operari;
650 2098 843 2165 inanimata
859 2099 966 2184 enim,
982 2099 1109 2165 bestias
1130 2105 1164 2164 et
1182 2121 1306 2186 pueros
1330 2123 1397 2164 me-

255 2221 432 2309 taphorice
454 2224 651 2291 fortunatos
670 2224 834 2309 dicimus,
854 2230 893 2291 ut
911 2224 1120 2290 Protarchus
1149 2222 1281 2289 ‘felices
1310 2224 1397 2311 lapi·

191 2347 232 2413 15
256 2347 314 2413 des
325 2349 449 2434 quibus
462 2372 541 2415 arae
557 2350 624 2415 diis
640 2356 721 2416 sunt
737 2358 869 2416 erectae
877 2350 893 2415 '.
909 2350 1065 2416 Fortuna
1082 2371 1216 2435 quoque
1235 2350 1399 2415 remotior

256 2480 308 2538 cst
331 2474 375 2539 ab
405 2474 449 2540 iis
476 2498 564 2560 quae
598 2483 723 2541 natura
754 2475 857 2559 fiunt,
883 2498 985 2561 quam
1009 2475 1082 2562 ipse
1111 2497 1227 2558 casus;
1247 2474 1276 2539 si
1306 2475 1399 2541 enim

254 2607 409 2666 monstro
426 2606 460 2665 et
480 2601 620 2666 omnino
637 2600 721 2687 quid
739 2607 876 2688 praeter
902 2607 1062 2667 naturam
1086 2600 1301 2667 naturalibus
1320 2624 1395 2668 cve-

255 2725 346 2809 niat,
363 2726 477 2813 ipsum
495 2749 566 2793 non
585 2727 629 2793 ad
642 2727 833 2811 fortunam,
850 2725 910 2793 sed
928 2726 972 2792 ad
988 2749 1104 2793 casum
1120 2726 1247 2792 referre
1259 2750 1397 2795 consue·

254 2850 375 2916 vimus.

187 2973 232 3037 ‘20
343 2976 473 3054 Quarto
496 3000 559 3064 per
582 2977 722 3064 propria
744 2976 918 3065 principia
947 2999 1065 3043 eorum
1095 2977 1316 3064 sententiam,
1337 2980 1396 3066 qui

253 3100 343 3167 hanc
370 3101 491 3168 mundi
513 3103 720 3169 effectricem
748 3103 881 3191 opinati
904 3110 1000 3188 sunt,
1024 3102 1192 3169 eliminat.
1223 3103 1285 3170 Ait
1304 3105 1396 3171 enim

254 3250 392 3293 causam
410 3250 472 3316 per
490 3228 649 3294 accidens
672 3236 832 3315 agentem
862 3251 933 3294 non
956 3229 1079 3295 dobere
1109 3252 1181 3295 esso
1199 3238 1280 3295 ant-e
1303 3254 1396 3296 men-

254 3358 325 3418 tem
348 3361 452 3438 atque
476 3361 650 3439 naturam,
670 3378 755 3441 quas
774 3354 1002 3442 intelligimus
1021 3378 1094 3421 esse
1112 3377 1174 3443 per
1198 3379 1233 3421 se
1257 3378 1395 3440 causae,

255 3483 290 3542 et
309 3485 556 3565 consequenter
573 3478 704 3567 primas
723 3487 839 3545 tenero
859 3480 990 3546 debere.

188 3769 232 3831 25
701 3771 885 3816 surrovnvs
904 3772 948 3816 1v.

292 3897 397 3936 (renituit
411 3897 539 3937 naturalem
552 3908 630 3937 ornnes
644 3908 723 3937 cuum
737 3895 898 3948 contemplari,
914 3902 937 3936 ct
951 3907 979 3937 cx
994 3896 1099 3936 omnibus
1110 3896 1183 3936 esuris
1199 3896 1361 3937 ‹lernonstraro

343 4099 548 4186 Physicum,
575 4099 708 4186 inquit,
739 4098 873 4164 nrdlum
904 4121 1026 4165 causae
1051 4122 1162 4186 genus
1191 4106 1396 4187 praetereat.
1424 4112 1504 4174 14r

255 4226 371 4292 Primo
391 4226 471 4310 quia
491 4225 666 4292 mrdtoties
684 4234 754 4290 tres
774 4248 909 4308 causac,
930 4238 969 4291 ut
987 4225 1126 4291 homine
1149 4226 1323 4293 hominem
1339 4251 1397 4315 go-

462 4400 476 4405 ..
504 4400 577 4405 —-.-
626 4400 1390 4410 -—-—.—————--———=

350 4496 380 4545 11
395 4494 512 4545 faelices
526 4493 608 4545 raim.
