3420 5190
327 375 368 438 44
772 384 911 435 1ounuu1
932 384 1034 434 surm

329 579 394 642 que
414 556 643 642 distinguitur
662 555 834 642 quoddam
858 554 950 641 quod
972 561 1024 621 est
1047 554 1282 641 separativum
1306 558 1473 620 extremo-

327 705 418 766 rum,
438 683 528 748 sicut
545 681 680 767 Scyllae
698 680 812 746 fluxus
828 703 888 747 seu
906 703 1035 766 vorago
1048 679 1235 766 distinguit
1254 678 1409 744 Siciliam
1427 678 1472 745 ab

327 808 444 891 Italia,
470 807 642 893 quoddam
665 828 746 873 vero
774 813 827 872 est
850 807 1087 894 copulativam
1111 812 1357 890 extremorum,
1382 804 1473 871 sicut

327 956 414 1020 pons
438 934 582 1020 ¹copulat
611 933 695 998 duas
723 933 817 1020 ripas
845 931 1013 1015 fluminis,
1045 931 1164 997 clavus
1193 929 1349 996 medians
1380 929 1473 995 inter

283 1031 303 1115 ὅ
327 1058 412 1123 duas
432 1059 578 1125 tabulas.
597 1059 653 1123 Ita
671 1035 979 1146 proportionaliter
997 1056 1132 1138 inaliis
1150 1055 1269 1140 rebus,
1289 1055 1378 1120 sicut
1397 1077 1473 1141 spe·

328 1183 396 1248 cies
416 1183 649 1270 intelligibilis
668 1184 808 1270 copulat
827 1182 1041 1248 intellectum
1061 1205 1138 1249 cum
1156 1205 1194 1247 re
1217 1180 1394 1246 intellecta
1413 1202 1473 1246 seu

327 1331 405 1374 eum
429 1308 563 1375 obiecto
587 1306 816 1395 intelligibili,
837 1314 872 1373 et
895 1331 953 1374 aer
976 1313 1028 1374 est
1051 1307 1202 1373 medium
1221 1306 1313 1373 inter
1335 1328 1406 1372 rem
1426 1305 1474 1371 vi·

328 1432 464 1498 sibilem
484 1439 518 1498 et
537 1433 650 1499 visum
670 1432 927 1517 distinctivum,
948 1433 1030 1518 quia
1049 1431 1117 1498 nisi
1135 1431 1303 1497 mediaret
1320 1453 1391 1516 aer,
1412 1431 1474 1495 im-

326 1558 492 1643 possibile
520 1565 609 1624 esset
637 1558 945 1646 apprehensionem
969 1557 1052 1622 fieri.
1072 1558 1169 1622 Inter
1188 1557 1350 1623 sensibile
1379 1556 1472 1622 enim

261 1684 304 1747 10
325 1682 479 1770 positum
495 1706 599 1771 supra
618 1706 755 1749 sensum
774 1706 845 1750 non
864 1683 1021 1750 sentitur.

765 2007 900 2073 XXIV.
924 2008 1032 2073 Finis.

416 2309 516 2374 Finis
535 2309 623 2376 alius
643 2309 782 2394 quidem
806 2317 859 2375 est
882 2309 1089 2397 privativusr,
1109 2310 1199 2376 sicut
1218 2332 1323 2394 mors,
1343 2310 1473 2377 desola-

327 2433 396 2517 ti0;
425 2433 514 2499 alius
541 2434 729 2522 positivuS,
756 2435 846 2501 sicut
876 2435 1177 2522 complementum,
1208 2437 1471 2518 consummatiO,

328 2580 395 2643 qua
415 2558 560 2624 dicimus
579 2558 719 2625 domum
738 2583 810 2625 esse
828 2560 979 2644 finitam,
1005 2559 1041 2624 id
1064 2568 1116 2625 est
1141 2559 1361 2647 completam;
1384 2559 1472 2626 alius

262 2686 304 2750 15
327 2684 552 2772 perfectivus,
573 2685 663 2750 siout
680 2685 760 2777 finis
778 2683 996 2769 intentionis,
1017 2684 1061 2750 ad
1081 2708 1182 2771 quem
1206 2685 1338 2751 scilicet
1357 2706 1473 2773 opera·

327 2809 439 2874 tiones
455 2814 489 2874 et
507 2831 561 2874 res
579 2808 793 2875 ordinantur.
809 2810 855 2874 Et
869 2810 926 2875 hio
942 2809 1022 2874 finis
1038 2816 1090 2875 est
1108 2809 1250 2897 duplex:
1268 2809 1400 2875 medius
1412 2811 1474 2876 sci-

327 2935 409 2999 licet
428 2934 465 2999 in
485 2957 552 3019 quo
568 2957 638 2999 non
652 2934 826 3020 contingit
846 2935 1034 3020 quiescere,
1055 2934 1244 2999 etrdtinius
1261 2934 1378 3019 inquo
1398 2957 1474 3000 con-

328 3059 437 3145 tingit
456 3060 639 3145 quiescere.
659 3062 705 3124 Et
723 3059 779 3126 hic
797 3060 940 3126 ultimus
956 3061 1035 3125 finis
1050 3060 1176 3147 duplex
1196 3066 1261 3125 est:
1279 3060 1316 3125 in
1331 3083 1473 3146 genere,

330 3184 419 3250 sicut
442 3195 494 3250 est
518 3187 660 3250 ultimus
680 3185 772 3269 finis,
792 3187 883 3250 ultra
904 3209 1005 3270 quem
1030 3185 1199 3251 nonlicet
1222 3186 1353 3271 aliquid
1373 3210 1475 3274 appe-

262 3312 306 3373 20
329 3316 401 3374 tere
420 3334 482 3396 pro
512 3319 605 3376 statu
627 3316 630 3397 l
651 3311 816 3394 humane,
848 3319 882 3376 et
910 3312 1074 3377 definitur
1104 3312 1182 3377 finis
1215 3335 1318 3398 quem
1348 3312 1472 3377 ultimo
1497 3319 1663 3386 4496

330 3435 497 3517 quaedam
515 3436 736 3522 perquirunt3
753 3444 786 3502 et
805 3436 948 3501 ultimus
969 3440 973 3523 Ι
994 3435 1211 3522 simpliciter,
1230 3438 1290 3523 qui
1310 3436 1473 3502 definitur
1498 3444 1569 3506 36
1581 3445 1636 3507 Μ

331 3579 431 3642 quem
449 3561 564 3625 omnia
584 3563 799 3647 perquirunt.
820 3562 971 3628 Ultimus
990 3562 1029 3627 in
1050 3584 1176 3647 genere
1200 3562 1279 3627 finis
1303 3563 1401 3626 iuxta
1426 3585 1475 3626 re-

329 3705 406 3748 rum
434 3708 561 3771 genera
585 3687 849 3774 multiplicatur,
881 3687 959 3752 finis
988 3711 1069 3752 vero
1100 3687 1243 3752 ultimus
1270 3687 1474 3772 simpliciter

330 3817 382 3875 est
400 3834 517 3896 unum,
537 3819 703 3878 utimum
723 3820 774 3876 est
794 3813 922 3877 bonum
942 3811 1146 3898 simpliciter
1165 3820 1200 3876 et
1219 3812 1425 3877 absolutum.

423 4140 527 4201 tiferno
542 4141 666 4190 mediat?
730 4142 746 4188 9
765 4142 843 4190 lutor
860 4140 1134 4203 i·canu-llalo,jo1·sc
1156 4160 1172 4187 u
1196 4140 1319 4205 rupious,
1338 4140 1373 4187 du
1395 4141 1472 4202 (1¹,re

327 4234 397 4282 parre
410 4237 464 4267 uon
480 4219 493 4267 d
507 4220 541 4268 du
556 4228 704 4270 auunettrre
718 4240 772 4269 rano
785 4223 882 4269 lacuna
