3420 5190
501 422 612 467 svuua
634 421 854 468 ruaumosvu
875 424 1185 469 uarrrmrsrcoavu.
1374 408 1411 466 79

707 716 786 783 XV.
810 717 974 784 Rnanrro.

362 948 440 1046 lpse
454 958 492 1024 in
509 980 570 1024 sua
589 956 748 1022 absoluta
765 963 904 1042 natura,
922 957 1071 1023 essentia
1087 964 1191 1044 atque
1209 957 1414 1042 substantia,

273 1082 511 1171 simplicitate,
540 1080 839 1147 immaterialitate
865 1081 1105 1166 absconditus,
1136 1083 1304 1166 occultm,
1335 1083 1416 1148 sibi·
1451 1110 1454 1117 ·

276 1230 343 1294 que
361 1208 425 1276 soli
444 1214 560 1291 notus,
580 1205 668 1271 nulli
687 1208 742 1272 vel
760 1206 971 1293 attingibilis
988 1215 1163 1274 creaturae
1182 1208 1336 1274 innotuit
1354 1231 1415 1296 per

231 1331 252 1397 5
275 1338 484 1421 respectum,
504 1330 746 1399 habitudinem
760 1337 795 1398 et
813 1331 1015 1398 relationem
1030 1332 1139 1418 illam,
1160 1355 1228 1418 qua
1247 1357 1282 1399 se
1301 1334 1415 1421 ipsum

273 1459 377 1525 rebus
408 1457 658 1541 communicat,
687 1455 853 1522 diffundit
887 1463 921 1522 et
956 1458 1207 1544 quodammodo
1239 1459 1414 1547 impertit,

274 1583 366 1650 unde
395 1605 520 1651 nomen
543 1581 649 1648 habet
672 1581 849 1665 creatoris,
874 1583 997 1671 patris,
1021 1583 1153 1650 domini
1176 1585 1232 1651 vel
1254 1586 1414 1672 dominii,

273 1707 557 1797 pulchritudiniS,
593 1707 717 1794 optimi
749 1708 911 1794 maximi,
945 1709 1199 1796 potentissimi,
1233 1711 1415 1799 sapientis-

274 1836 353 1902 simi
372 1841 435 1901 etc.
466 1833 538 1900 Sub
570 1832 695 1920 quibus
718 1833 912 1901 rationibus
941 1835 1056 1922 ipsum
1075 1835 1270 1917 crealturae
1293 1847 1417 1924 cogno·
1441 1846 1579 1910 75M

210 1965 252 2028 10
275 1984 368 2028 scere
396 1961 490 2045 licet,
522 1966 556 2026 et
584 1958 693 2047 ipsius
723 1962 857 2027 actuale
887 1984 959 2028 esse
987 1963 1179 2030 necessario
1213 1962 1361 2044 inferre;
1386 1963 1417 2030 si

276 2087 404 2176 quippe
428 2093 510 2152 sunt
527 2085 670 2173 pulchre
688 2084 794 2172 facta,
815 2094 925 2175 mota,
954 2088 1130 2174 ordinata,
1155 2089 1416 2175 concordantia,

276 2219 412 2300 oportet
435 2235 507 2277 esse
531 2234 638 2278 unum
662 2212 939 2296 concordantem,
964 2214 1197 2296 ordinantem,
1222 2221 1417 2280 moventem

276 2344 310 2404 et
329 2343 554 2404 exornantem
577 2337 781 2421 necessario,
811 2338 1100 2424 quemadmodum
1120 2361 1282 2405 exsensu
1305 2339 1419 2405 flumi-

277 2487 360 2530 num
380 2471 414 2529 et
443 2462 642 2550 plantarum
670 2486 807 2534 sensum
831 2464 981 2531 fontium
1011 2472 1045 2531 et
1074 2466 1229 2532 radicum
1258 2466 1418 2553 colligere

212 2594 255 2660 15
278 2588 442 2676 cogimur.
457 2589 580 2674 Itaque
596 2588 727 2676 duplici
739 2596 897 2677 respectu
914 2590 1096 2676 existente,
1117 2591 1224 2657 altero
1245 2613 1313 2676 quo
1324 2592 1418 2658 Deus

278 2714 322 2780 ad
340 2714 504 2801 possibile
534 2737 569 2780 se
599 2713 796 2798 inclinavit,
824 2721 859 2781 et
878 2716 985 2782 altero
1011 2740 1079 2803 quo
1107 2716 1288 2804 possibilia
1314 2723 1349 2782 et
1373 2716 1420 2783 ef·

278 2839 369 2905 fecta
393 2839 437 2906 ad
460 2841 571 2906 Deum
600 2839 805 2906 ordinantur
833 2864 936 2929 seque
959 2842 1143 2926 extollunt,
1172 2841 1323 2930 primum
1348 2843 1421 2929 qui·

278 2965 355 3030 dem
374 2965 523 3032 muudus
542 2973 594 3033 est
612 2966 799 3054 productus
818 2990 838 3032 a
857 2968 943 3052 Deo,
965 2967 1112 3035 secundo
1129 2969 1223 3035 Deus
1246 2969 1421 3056 cognosci·

279 3097 337 3156 tur
355 3115 375 3157 a
391 3092 529 3159 mundo.

729 3351 825 3417 XVI.
855 3352 971 3417 Aemo.

369 3610 471 3677 Actio
491 3609 597 3694 illius,
609 3615 648 3674 ut
660 3608 881 3694 consequitur
895 3609 1078 3674 essentiam
1095 3617 1198 3695 atque
1214 3609 1422 3697 potentiam,

282 3744 333 3802 est
353 3736 490 3801 infinita
510 3743 544 3800 et
564 3734 756 3801 subiectum
780 3735 926 3820 requirit
945 3734 1133 3820 infinitum,
1155 3759 1258 3821 quam
1282 3735 1420 3821 quidem
1447 3746 1557 3811 478
1572 3743 1613 3812 G

281 3886 353 3927 csse
372 3883 508 3926 necesse
526 3868 590 3942 est,
608 3867 647 3925 ut
663 3882 780 3924 onmes
795 3867 868 3925 tum
887 3859 1050 3946 theologi,
1068 3866 1143 3926 tum
1159 3861 1333 3948 principes
1349 3858 1425 3947 phi·

281 3987 500 4074 losophantes
521 3984 736 4071 intelligunt;
756 3985 814 4050 sed
838 3986 930 4052 illius
950 3996 1065 4053 actum
1089 3987 1229 4073 quidam
1254 3987 1423 4052 collocant

216 4121 258 4185 25
283 4112 320 4177 in
339 4111 414 4199 ipsa
433 4111 630 4193 divinitate,
648 4119 687 4176 ut
707 4111 881 4178 infinitum
906 4120 1040 4199 patrem
1063 4113 1240 4180 infinitum
1258 4129 1424 4199 generare·

282 4237 392 4303 filium
419 4246 587 4320 asserant,
612 4260 735 4324 nempe
759 4238 932 4304 infinitam
957 4246 1106 4305 mentem
1131 4239 1306 4305 inlinitum
1327 4237 1425 4302 intel-

373 4495 565 4547 minucium
579 4501 717 4561 mantem,
736 4495 882 4546 infinitum
900 4495 1079 4547 intellectum
1096 4495 1152 4548 ΜΟ
