3420 5190
581 422 761 468 alsuanum
784 423 915 470 PHYsIcl
937 425 1088 471 nvnmvs.
1348 412 1405 472 163

649 873 798 948 LIBRI
825 874 1012 949 Tanau

760 1074 859 1140 OAP.
886 1076 912 1141 I.

714 1446 899 1491 Aaulcvuvs
933 1447 955 1490 1.

312 1620 315 1624 ἢ
558 1570 657 1610 Adductt
670 1572 783 1610 rationum
795 1571 985 1611 commorationis
996 1570 1025 1611 de
1039 1578 1115 1622 motu,

218 1616 239 1679 5
368 1641 468 1682 eiusdem
483 1652 552 1692 genna
568 1642 674 1693 {aquia-tt,
690 1642 845 1683 definitionem
859 1642 939 1692 affert,
956 1644 1003 1684 eiua
1018 1644 1200 1685 convenientum
1216 1644 1305 1696 probat.

352 1800 404 1864 De
422 1807 519 1866 motu
537 1799 601 1866 hoe
621 1801 741 1866 ordine
771 1802 966 1889 speculatus
985 1809 1046 1868 est.
1077 1803 1194 1869 Primo
1214 1827 1253 1869 ea
1277 1803 1334 1870 hie
1360 1827 1411 1870 ra·

262 1924 357 1991 tione
376 1925 677 2010 considerandum,
695 1925 824 2012 inquit,
844 1926 885 1992 de
904 1927 978 2012 illo,
1001 1928 1081 2012 quia
1101 1951 1179 1993 eum
1196 1936 1321 1995 natura
1341 1951 1411 1994 mo·

262 2058 319 2116 tus
348 2051 394 2116 sit
421 2058 525 2137 atque
553 2051 679 2136 quietis
707 2052 930 2139 principium,
968 2054 1129 2139 ignorato
1166 2061 1263 2120 motu
1296 2054 1409 2142 ipsam

263 2198 399 2263 quoque
418 2177 649 2242 necessarium
668 2176 714 2242 sit
734 2177 898 2263 ignorari.
918 2176 1076 2244 Secundo
1097 2178 1336 2245 definitionem
1355 2204 1410 2247 ve-

199 2311 241 2374 10
263 2301 370 2388 stiget
386 2309 420 2368 et
436 2302 537 2368 affert
556 2301 687 2388 dicens,
708 2302 893 2387 quodcum
913 2326 1030 2369 eorum
1047 2311 1232 2389 quaesunt
1251 2305 1318 2370 alia
1338 2305 1410 2372 sint

262 2435 342 2494 aetu
361 2434 510 2512 tantum,
532 2429 601 2494 alia
630 2427 789 2516 potentia
808 2434 959 2519 tantum,
979 2428 1048 2494 alia
1078 2435 1155 2494 acta
1178 2429 1281 2496 simul
1305 2437 1409 2516 atque

261 2555 430 2642 potentia;
451 2560 485 2619 et
504 2576 726 2639 eorumquae
745 2561 826 2619 actu
845 2553 913 2619 alia
938 2553 1035 2640 quid,
1056 2554 1124 2620 alia
1144 2556 1256 2639 quale,
1277 2555 1345 2621 alia
1365 2556 1408 2621 ad

262 2680 408 2767 aliquid,
440 2682 508 2747 alia
538 2681 633 2747 aliud
655 2681 839 2767 designent
868 2680 1199 2768 praedicamentum
1228 2690 1263 2748 et
1290 2707 1408 2750 eorum

262 2830 349 2892 quae
369 2807 412 2872 ad
431 2807 564 2893 aliquid
593 2807 661 2872 alia
681 2815 762 2873 sunt
793 2807 980 2872 seeundum
1001 2808 1354 2894 superabundantiam
1374 2815 1408 2874 et

197 2934 238 2998 15
261 2932 447 3017 defectum,
467 2932 535 2998 alia
565 2933 752 3000 seeundum
772 2933 924 2998 activum
949 2939 984 2997 et
1006 2933 1183 3021 passivum
1206 2940 1240 2999 et
1266 2934 1407 3001 omnino

260 3058 448 3139 moltivum
466 3064 501 3124 et
520 3058 663 3125 mobile:
680 3064 794 3125 motus
810 3080 880 3124 non
899 3057 965 3123 erit
980 3065 1117 3145 praeter
1131 3081 1258 3145 genera
1278 3059 1314 3125 in
1335 3060 1408 3145 qui·
1432 3066 1513 3128 16ν

260 3185 325 3250 bus
348 3192 400 3250 est
423 3191 552 3268 motus,
573 3184 662 3249 idest
678 3183 925 3267 substantiam,
943 3183 1186 3269 quantitatem,
1204 3184 1408 3269 qualitatem

259 3315 363 3395 atque
381 3311 504 3393 locum,
524 3332 635 3394 neque
654 3309 787 3394 aliquid
810 3308 853 3374 iis
879 3330 1058 3374 commune
1083 3308 1138 3374 vel
1161 3309 1205 3374 ab
1228 3308 1271 3373 iis
1296 3317 1407 3375 extra-

259 3460 361 3502 neum
375 3459 446 3502 esse
458 3442 585 3523 potest;
599 3441 696 3501 extra
712 3434 805 3500 enim
817 3433 901 3499 haec
917 3434 1052 3499 nullum
1069 3440 1121 3499 est
1136 3456 1315 3500 commune
1332 3435 1407 3500 uni·

193 3568 238 3631 20
260 3585 384 3628 vonum
403 3562 566 3649 accipere.
586 3561 673 3626 Cum
694 3560 799 3625 etiam
818 3559 1005 3625 seeundum
1033 3581 1161 3645 genera
1189 3582 1303 3625 rerum
1333 3583 1403 3626 mo·

261 3695 317 3754 tus
346 3687 538 3772 dividatur,
559 3692 593 3752 et
622 3687 658 3751 in
681 3684 866 3771 generibus
888 3684 1047 3750 omnibus
1067 3684 1252 3772 dupliciter
1271 3683 1402 3771 aliquid

260 3812 477 3897 inveniatur,
494 3813 550 3880 vel
569 3811 730 3877 videlicet
749 3810 840 3876 sicut
862 3809 1054 3898 perfectum
1081 3818 1186 3896 atque
1214 3809 1325 3876 forma
1349 3810 1404 3875 vel

258 3938 349 4004 sicut
378 3937 619 4025 imperfectum
643 3942 747 4022 atque
776 3934 941 4023 privatin,
967 3957 1112 4023 eumque
1142 3941 1196 4000 tot
1224 3941 1337 4001 motus
1369 3942 1404 3999 et

258 4064 463 4131 mutationis
480 4069 599 4129 extent
617 4062 747 4150 speeies
771 4068 856 4147 quot
875 4068 909 4127 et
928 4061 1039 4144 entis3
1060 4068 1192 4126 motum
1221 4059 1403 4125 definimus

192 4201 235 4265 25
259 4215 331 4257 esse
359 4197 475 4256 aetum
504 4189 684 4256 existentis
712 4187 930 4275 inpotentia
958 4186 1146 4252 seeundum
1170 4185 1261 4272 quod
1288 4185 1405 4251 huius·

258 4317 364 4400 modi,
390 4316 482 4383 unde
511 4316 549 4381 in
575 4313 771 4381 substantia
798 4313 976 4399 generatio
1000 4318 1052 4377 est
1075 4318 1172 4378 aetus
1195 4311 1405 4398 generabilis

352 4497 383 4548 10
399 4493 470 4546 affer
