3420 5190
464 423 577 471 66666
597 423 816 472 renumeravit
837 422 1153 471 66666666166666.
1343 408 1379 468 19

235 579 333 646 diens
359 580 496 646 invenit
518 580 746 662 thesaulrum.
776 580 984 647 Caussarum
1007 580 1095 646 aliae
1116 586 1197 645 sunt
1215 578 1379 663 directae,
1404 515 1513 668 Egit?
1529 601 1570 668 G

235 703 323 772 61166
347 705 554 772 indirectas:
579 705 692 793 primo
716 706 831 791 modo,
851 713 891 773 ut
914 712 1021 772 nauta
1045 711 1096 770 est
1116 727 1235 771 caussa
1259 702 1381 770 salutis

234 830 334 898 navis
363 854 424 897 sua
447 831 656 919 praesentia;
680 832 829 898 secundo
849 832 963 915 mode,
988 837 1027 896 ut
1054 836 1162 896 nauta
1186 836 1238 895 est
1262 852 1380 896 caussa

234 957 492 1024 summersionis
510 963 653 1046 propter
672 957 877 1023 absentiam.

190 1088 211 1151 5
325 1081 532 1149 Caussarum
547 1082 632 1148 item
651 1081 739 1148 61166
755 1089 837 1149 6661
853 1088 947 1164 6616,
965 1080 1055 1148 61166
1070 1081 1246 1168 potentia:
1265 1080 1381 1168 primo

234 1206 347 1291 modo,
367 1213 408 1273 61
439 1207 519 1274 11166
543 1230 631 1295 6666
661 1213 742 1274 6661
772 1213 972 1273 coaeternae
995 1208 1050 1272 vel
1071 1212 1381 1294 contemporaneus

234 1332 290 1398 vel
308 1332 535 1398 consistentes
554 1331 747 1417 effectibus,
764 1339 804 1398 61
820 1332 965 1398 materia
984 1339 1019 1397 61
1037 1331 1149 1398 forma
1165 1338 1247 1397 6661
1263 1353 1382 1398 caussa

235 1456 431 1544 compositi,
456 1463 491 1522 et
514 1457 650 1523 animae
681 1456 878 1524 assistentia
906 1465 958 1523 est
982 1480 1102 1523 caussa
1125 1457 1301 1537 animalis;
1335 1480 1384 1523 se-

235 1581 347 1650 eundo
371 1582 487 1668 mode,
507 1590 547 1648 ut
566 1581 765 1648 aedificator
783 1589 836 1649 est
859 1605 978 1649 caussa
1000 1582 1135 1667 domus,
1156 1604 1257 1668 quem
1281 1581 1382 1647 domo

170 1710 213 1774 10
235 1707 405 1774 existente
419 1729 491 1773 non
507 1730 592 1795 opus
609 1714 661 1773 661
676 1730 749 1773 6666
764 1708 820 1775 vel
838 1707 964 1774 adesse.
981 1707 1054 1773 Alii
1073 1707 1124 1773 ita
1140 1707 1382 1793 distinguunt:

236 1855 434 1900 caussarum
451 1832 619 1918 quaedam
635 1832 673 1897 16
689 1833 778 1916 fieri,
798 1833 966 1919 quaedam
983 1834 1020 1898 in
1039 1831 1145 1917 facto,
1162 1832 1198 1898 id
1215 1838 1267 1898 est
1284 1854 1384 1917 6666

236 1958 316 2025 (166
334 1958 385 2025 rei
396 1940 574 2025 faciendae
590 1957 716 2024 adsunt
730 1964 766 2023 et
780 1958 910 2024 6611661
920 1964 1075 2042 166166,
1094 1958 1263 2044 quaedam
1276 1957 1382 2023 etiam

237 2084 337 2169 actis,
357 2091 393 2150 et
416 2084 503 2150 istae
522 2082 685 2149 dicuntur
709 2105 848 2149 caussae
871 2084 1005 2150 essendi
1029 2090 1063 2149 et
1087 2082 1327 2167 conservandi,
1353 2082 1384 2147 si

237 2215 319 2276 6661
335 2209 533 2294 efficientes,
551 2216 591 2275 ut
609 2209 702 2276 Deus
722 2210 782 2295 qui
801 2209 968 2276 mundum
986 2208 1117 2277 creavit
1136 2215 1171 2275 et
1190 2212 1382 2276 conservat.

649 2480 727 2547 VII.
746 2480 969 2547 Ennuaurvu.

325 2711 545 2777 Elementum
568 2710 732 2778 definitur
754 2711 979 2798 principium,
1005 2734 1046 2776 66
1070 2733 1137 2798 666
1167 2665 1300 2796 aliquid
1332 2719 1384 2778 est

235 2836 349 2923 primo
369 2837 607 2920 materialiter,
627 2843 662 2902 et
687 2837 724 2902 in
744 2835 835 2922 quod
854 2836 977 2902 ultimo
1000 2837 1193 2902 resolvitur.
1214 2837 1343 2901 Diffcrt
1362 2859 1383 2902 a

235 2961 409 3049 principio
429 2969 463 3027 61
482 2984 614 3045 666666,
635 2961 716 3047 quia
732 2960 864 3046 aliquid
879 2968 994 3049 potest
1013 2984 1085 3028 6666
1108 2961 1321 3049 principium
1341 2985 1383 3027 66

237 3108 319 3173 666,
338 3094 456 3153 16666
480 3109 551 3154 666
574 3086 795 3171 616666166,
816 3086 896 3172 6616
919 3086 1126 3153 616666166
1151 3094 1202 3153 661
1227 3110 1307 3174 pars
1333 3087 1384 3152 rei

169 3220 214 3284 20
236 3217 416 3299 perpetue,
436 3212 649 3299 principium
667 3234 749 3278 vero
768 3233 848 3278 non.
863 3212 953 3278 Item
969 3235 1089 3279 caussa
1103 3219 1218 3299 potest
1234 3235 1307 3278 esse
1324 3213 1384 3278 ab·

238 3337 351 3404 soluta
374 3337 418 3403 ab
438 3337 576 3418 effectu,
601 3337 690 3403 sicut
715 3336 855 3423 quidam
879 3336 1078 3422 efficienteS,
1104 3338 1272 3403 61666616
1296 3359 1380 3404 vcro

237 3483 317 3528 non.
341 3461 422 3527 Ideo
442 3484 543 3528 omne
566 3462 773 3528 elementum
792 3469 843 3529 661
867 3485 985 3529 666666
1009 3468 1043 3527 61
1063 3461 1289 3550 principium,
1311 3483 1381 3528 non

238 3610 256 3652 6
276 3592 405 3653 contra.
422 3589 520 3653 Duae
539 3593 655 3653 autem
679 3594 760 3652 sunt
779 3587 1007 3672 conditiones,
1028 3610 1114 3674 quae
1134 3587 1255 3652 ambae
1274 3587 1312 3652 in
1331 3611 1382 3653 re·

238 3711 421 3779 solutionis
440 3712 573 3778 ratione
597 3718 631 3778 et
655 3711 913 3800 compositionis
936 3711 1142 3797 fundantur,
1167 3712 1205 3777 in
1228 3712 1381 3799 primum

170 3843 215 3909 25
238 3843 273 3903 61
302 3836 478 3921 6111666,
509 3860 552 3903 66
571 3841 576 3924 Ι
597 3859 665 3923 666
694 3837 789 3903 6116
820 3837 921 3924 quod.
952 3837 1033 3904 ideo
1064 3839 1212 3903 maxime
1242 3839 1382 3904 videtur
1408 3844 1510 3908 ΒΜ

239 3962 365 4029 habere
392 3962 563 4028 rationem
593 3984 732 4029 6666666
754 3963 942 4029 materialis
974 3971 1008 4029 et
1034 3964 1153 4052 partis.
1181 3965 1296 4030 Huius
1323 3987 1383 4050 ge-

240 4087 332 4155 neris
356 4094 438 4153 sunt
462 4087 582 4153 literae
605 4089 643 4153 in
667 4088 852 4176 scriptura,
872 4096 1003 4176 puncta
1026 4089 1063 4154 16
1087 4090 1193 4174 11666,
1214 4089 1382 4156 dictiones

241 4213 278 4278 in
297 4211 453 4280 oratione
470 4213 596 4299 logica,
614 4213 721 4279 atomi
741 4213 777 4278 in
797 4215 997 4302 corporibus
1018 4215 1231 4303 compositis,
1252 4221 1383 4282 61166-

312 4410 481 4462 1866660
528 4410 805 4478 1966616666111*
847 4410 1383 4463 6666161666166061611Ἐνν.-Ουνν.

242 4489 271 4541 a·
284 4489 325 4541 M:
344 4505 402 4542 non
420 4491 562 4542 61666616
575 4491 634 4541 ΜΤ
692 4493 724 4542 ‘25
740 4507 775 4543 ox
789 4508 860 4560 qno,
879 4495 909 4543 61
925 4507 995 4559 666,
1011 4496 1041 4544 61
1052 4491 1083 4543 in
1096 4493 1173 4560 quod
1183 4508 1235 4559 prr
1252 4508 1345 4544 errore
1361 4492 1385 4543 G
