3420 5190
250 366 289 424 12
690 377 828 422 mansur
849 375 950 421 naum

249 560 310 602 nes
333 536 461 623 duplex
488 541 555 600 est:
575 534 687 621 prima
709 534 973 619 habitudinalis,
995 533 1126 598 seilicet
1148 553 1234 617 quae
1258 537 1310 596 est
1327 551 1389 616 per

250 660 512 726 inclinationem
531 659 683 746 potentis
708 659 752 725 ad
774 658 939 746 possibile
967 657 1022 724 vel
1050 654 1390 742 correspondentiam

250 785 424 873 possibilis
450 784 493 851 ad
516 790 655 872 potens,
680 784 826 850 subiecti
855 783 899 849 ad
926 772 1160 869 susceptibile,
1182 780 1317 867 capacis
1346 779 1392 863 ad,

251 909 491 997 conceptibile;
518 909 666 975 secunda
690 908 958 995 obsequentialis
983 912 1099 992 (quam
1125 905 1390 971 obedientialem
1428 891 1431 896 ⁵

204 1036 224 1099 ὅ
249 1035 426 1122 appellant
449 1034 550 1100 latini
568 1034 878 1121 philosophantes),
899 1033 1051 1118 haecque
1068 1040 1119 1097 est
1135 1031 1275 1118 duplex:
1293 1028 1387 1095 theo·

248 1160 361 1246 logica
394 1158 525 1225 scilicet
561 1164 616 1244 (ex
650 1182 767 1225 eorum
782 1198 784 1202 .
801 1181 925 1245 nempe
960 1157 1109 1240 officina)
1139 1179 1206 1242 qua
1235 1155 1388 1241 aliquid,

249 1285 341 1371 quod
359 1307 430 1350 non
452 1292 504 1350 est
527 1284 714 1352 secundum
733 1285 925 1372 potentiam
944 1284 1124 1371 physicam
1147 1281 1312 1347 materiae
1332 1304 1388 1346 ne

247 1432 314 1495 que
337 1409 525 1476 secundum
548 1409 740 1497 potentiam
762 1409 943 1496 physicam
967 1408 1098 1475 formae
1126 1429 1237 1492 neque
1272 1428 1389 1472 seeun-

246 1535 330 1601 dum
353 1534 504 1600 activam
526 1533 707 1600 efficientis
729 1534 912 1617 naturalis,
942 1556 1013 1599 non
1036 1539 1208 1620 repugnat
1232 1553 1301 1617 quo
1326 1531 1388 1596 mi-

181 1671 224 1734 10
246 1681 312 1725 nus
325 1682 397 1724 esse
411 1659 521 1746 possit
536 1682 598 1745 per
609 1658 764 1724 divinam
779 1665 877 1724 extra
892 1659 948 1724 vel
964 1681 1068 1745 supra
1080 1658 1136 1724 vel
1149 1657 1253 1722 etiam
1267 1664 1387 1722 contra

245 1785 441 1851 naturalem
459 1783 675 1868 facultatem,
698 1783 833 1869 qualern
852 1784 952 1849 aiunt
970 1783 1177 1870 potentiam,
1198 1805 1266 1868 qua
1284 1781 1387 1847 homo

243 1910 386 1997 physice
406 1909 615 1975 constitutus
637 1911 694 1975 vel
716 1909 796 1974 ficto
821 1909 970 1994 quodam
990 1908 1082 1993 quod
1100 1931 1172 1973 esse
1191 1913 1306 1994 potest
1326 1929 1387 1971 nu·

245 2033 409 2099 trimento
432 2034 488 2100 vel
507 2034 699 2099 extrinseca
723 2033 792 2098 alia
816 2033 963 2118 quadam
982 2040 1073 2099 sorte
1092 2040 1127 2098 et
1147 2032 1311 2097 beneficio
1331 2055 1387 2097 va-

244 2159 315 2225 leat
333 2159 546 2246 perpetuari;
567 2165 601 2223 et
620 2158 763 2246 physica
779 2158 887 2223 altera
903 2159 1032 2246 partim
1053 2165 1086 2222 et
1106 2158 1234 2244 partim
1258 2158 1387 2243 logica,

179 2287 221 2350 15
246 2306 313 2370 qua
336 2283 418 2349 hinc
442 2283 581 2369 quidem
604 2284 641 2347 in
667 2283 752 2349 facti
776 2283 947 2367 realitate,
968 2284 1047 2348 inde
1071 2306 1151 2349 vero
1176 2283 1384 2348 inveritate

244 2409 478 2495 conceptionis
493 2408 672 2496 possibilia
692 2409 855 2474 dicuntur
871 2409 931 2473 illa
947 2409 1081 2474 obiecta
1098 2415 1132 2472 et
1146 2408 1225 2473 illae
1244 2430 1384 2495 propor-

242 2532 367 2617 tioneS,
388 2533 393 2619 l
418 2555 565 2619 quorum
584 2534 742 2619 opposita
762 2555 868 2618 aeque
888 2556 959 2599 esse
977 2540 1122 2620 possunt
1145 2539 1180 2597 et
1203 2555 1273 2598 non
1296 2556 1382 2615 osse;
1407 2532 1575 2601 a8rM

241 2658 333 2724 unde
345 2659 605 2725 enunciationes
619 2660 799 2746 possibiles
811 2660 1037 2747 appellamus,
1051 2682 1138 2743 quae
1151 2659 1232 2724 hinc
1244 2660 1382 2746 quidem

242 2784 488 2870 anecessariis,
509 2784 590 2850 inde
608 2808 690 2850 vero
710 2786 753 2851 ab
773 2784 1044 2872 impossibilibus
1064 2785 1337 2870 distinguuntur.

176 2917 220 2980 20
332 2910 476 2975 Omnem
501 2910 585 2975 item
604 2912 797 2997 potentiam
820 2911 992 2997 duplicem
1013 2933 1084 2975 csse
1111 2911 1246 2997 concipi
1269 2920 1383 2998 potest

243 3035 352 3100 alt-oro
370 3035 532 3102 videlicet
551 3037 674 3102 horum
693 3036 885 3119 modorum,
906 3034 1048 3099 definita
1067 3035 1197 3100 scilicet
1221 3043 1255 3099 ct
1275 3037 1384 3102 deter-

243 3161 388 3243 minata,
409 3168 444 3225 et
463 3161 644 3226 indefinita
663 3167 698 3225 et
716 3159 992 3225 indeterminata.
1013 3160 1252 3225 Determinata
1271 3161 1382 3226 adhuc

243 3285 384 3373 triplex:
405 3286 586 3369 natura-lis,
607 3309 729 3372 nempe
746 3285 857 3371 qualis
874 3293 925 3351 est
941 3285 1032 3370 ignis
1052 3286 1094 3350 ad
1112 3286 1381 3352 calefaciendum

242 3417 396 3493 tantum,
416 3434 486 3476 non
505 3410 549 3476 ad
573 3411 782 3498 opposit111n3
802 3410 936 3495 fatalis,
958 3411 1069 3495 qualis
1092 3418 1143 3477 est
1167 3412 1305 3476 divinae
1325 3437 1381 3478 ro-

174 3544 218 3606 ‘25
241 3534 386 3599 luntatis
406 3536 639 3622 superomnia
658 3535 868 3618 definientis3
890 3535 1109 3620 eoaetiohriS,
1129 3537 1242 3620 qualis
1262 3547 1313 3600 est
1332 3562 1382 3602 sa·
1406 3541 1513 3604 422
1530 3540 1571 3607 G

240 3659 351 3744 gittae
370 3666 403 3724 et
421 3659 546 3747 lapidis
566 3660 718 3746 potentis
736 3661 819 3725 ferri
839 3684 975 3726 sursum
991 3685 1052 3748 per
1071 3662 1327 3749 impulsionem,
1348 3671 1382 3728 ot

240 3783 325 3849 haec
343 3784 594 3870 quodammodo
610 3786 766 3872 potentia
782 3810 852 3851 non
872 3788 1104 3874 repugnantia
1120 3797 1180 3854 ost.
1198 3789 1383 3854 indefinita

240 3931 321 3973 vero
338 3917 372 3974 et
388 3910 655 3975 indeterminata
672 3911 783 3976 adhue
800 3912 939 3998 duplex:
957 3913 1152 3978 voluntaria
1165 3938 1300 4001 nempe,
1315 3938 1382 3999 qna

240 4057 311 4100 non
323 4035 434 4121 magis
444 4035 693 4101 determinatus
713 4060 788 4102 suni
807 4037 850 4101 ad
866 4037 966 4103 modo
979 4039 1175 4125 legendnm,
1197 4063 1300 4127 quam
1312 4064 1382 4106 non

242 4235 677 4243 ——--.-—--——-
692 4238 898 4245 --·——--
916 4240 1037 4246 —--—-.
1057 4242 1111 4247 ...-
1126 4242 1172 4248 ,.-
1191 4243 1289 4248 ...i--
1305 4242 1374 4250 ...-

334 4357 346 4403 l
366 4356 577 4408 habitudinalcs
600 4359 725 4419 scilieet,
748 4375 821 4424 qnao
842 4358 899 4408 ΜΤ
958 4361 1035 4409 ‘2ch
1060 4367 1134 4426 (por)
1157 4363 1380 4427 corresponden-

240 4436 348 4486 cismo
411 4437 778 4504 alati110(rf.p.o,13)o
843 4441 874 4488 27
892 4442 1098 4504 repugnantiae
1115 4441 1191 4492 Tuo
