3420 5190
266 468 269 473 Ι
332 397 353 455 8
773 409 912 457 renuam
933 409 1035 455 namu

332 565 435 631 tertio
468 564 510 630 de
539 564 583 630 iis
612 587 698 651 quae
733 564 947 630 substantiae
973 564 1106 648 insunt,
1133 564 1315 630 inhaerent
1341 571 1477 631 etcum

333 691 392 756 illa
428 690 634 772 consistunt,
667 689 874 776 quantitatis
910 696 944 754 et
974 689 1153 775 qualitatis
1181 689 1325 777 species,
1355 696 1477 774 quarto

332 816 374 882 de
404 815 446 881 iis
479 837 566 901 quae
589 813 641 879 illi
675 820 803 898 astant,
825 815 1049 881 circumstant
1076 821 1111 880 et
1139 813 1397 900 quomodolibet
1420 838 1478 901 ap-

331 941 546 1029 pumuntur,
575 946 615 1006 ut
640 939 838 1023 relationes,
872 940 1038 1024 actiones,
1063 940 1238 1027 passiones
1268 946 1303 1005 et
1332 939 1477 1028 reliqua.

287 1064 308 1127 5
332 1066 546 1152 Quandoque
567 1065 838 1151 denominative,
864 1071 904 1131 ut
929 1066 981 1131 ab.
995 1066 1142 1132 entitate
1164 1065 1220 1131 vel
1244 1065 1392 1131 essentia
1422 1065 1479 1131 de·

330 1193 473 1259 rivatur.
497 1192 591 1257 Haec
615 1191 708 1256 enim
731 1190 920 1256 seeundum
947 1190 1087 1256 modum
1115 1191 1281 1275 absoluti,
1310 1190 1477 1257 abstracti

331 1324 366 1383 et
393 1315 649 1382 denominantis
673 1321 708 1380 et
731 1314 961 1402 primitivam,
982 1315 1069 1381 illud
1088 1338 1169 1382 vero
1188 1315 1379 1400 coniuncti,
1399 1338 1478 1382 con-

331 1442 429 1526 creti,
444 1440 660 1507 denominati
675 1447 710 1506 et
726 1440 976 1527 dependentem
996 1440 1293 1528 apprchenlditur.
1310 1439 1381 1506 Nec
1395 1462 1475 1506 raro
1499 1443 1601 1506 418
1616 1444 1661 1510 G

330 1589 536 1653 synonyme,
554 1588 677 1653 nempe
697 1565 884 1632 secundum
904 1565 1039 1631 diversa
1057 1566 1199 1631 nomina
1218 1573 1254 1630 et
1273 1589 1377 1632 unam
1397 1589 1475 1631 ean-

267 1695 309 1759 10
331 1692 477 1776 demque
489 1691 596 1756 ferme
610 1691 792 1776 rationem,
804 1699 908 1777 atque
920 1692 970 1756 ita
983 1691 1080 1757 iuxta
1101 1693 1105 1777 Ι
1126 1691 1354 1757 accidentales
1374 1714 1473 1776 quas·
1496 1707 1527 1757 a
1537 1696 1593 1757 4ν
1608 1697 1668 1760 M

330 1817 409 1882 daur
433 1816 646 1882 different-ias
670 1823 862 1902 (nunquam
881 1817 974 1882 enim
993 1816 1129 1882 diversa
1153 1817 1190 1880 in
1209 1817 1327 1882 eadem
1347 1816 1477 1882 coordi-

330 1941 472 2007 natione
490 1942 632 2007 nomina
652 1942 768 2027 aliquo
792 1949 893 2029 paeto
924 1942 1178 2027 significatione
1207 1964 1278 2006 non
1297 1941 1474 2024 differunt)

331 2067 484 2152 quinque
503 2066 644 2132 famosis
655 2067 747 2153 apud
765 2066 873 2132 latine
883 2066 1165 2154 philosophantes
1182 2066 1382 2132 nominibus
1402 2066 1475 2131 eius

331 2192 541 2279 significatio
561 2192 779 2279 aequipollet.

270 2324 310 2389 15
422 2319 472 2383 Ea
492 2317 614 2403 igitur,
631 2311 718 2402 <puae
738 2318 811 2383 euti
831 2316 1077 2404 aequipollent,
1099 2316 1252 2402 quinque
1271 2323 1352 2381 sunt
1372 2317 1475 2399 (unde

329 2466 389 2508 sex
408 2443 465 2508 ille
484 2443 804 2509 transcendentium
828 2465 990 2508 numerus
1015 2442 1196 2528 evulgatus
1216 2448 1295 2527 est):
1313 2465 1388 2526 ree,
1406 2443 1475 2508 ali·

330 2568 934 2655 quid,unum,verum,bonurn.
946 2569 1017 2634 Ista
1031 2569 1129 2634 iuxta
1141 2567 1291 2654 primam
1302 2567 1475 2657 principa·

330 2693 467 2781 lemque
483 2695 772 2781 significationem
789 2695 880 2760 idem
897 2695 1095 2781 significant
1113 2694 1204 2781 qued
1220 2702 1334 2761 eterra.
1346 2695 1475 2761 Eorum
1573 2712 1576 2717 “

331 2820 463 2886 scilicet
478 2827 553 2886 tum
576 2821 713 2906 singula
730 2826 804 2885 tum
824 2820 923 2907 plura
942 2821 1121 2906 quodlibet
1141 2844 1218 2886 cum
1235 2827 1314 2886 ente
1334 2845 1475 2888 conver-

263 2951 308 3014 20
331 2952 466 3029 tuutur,
486 2969 573 3032 quae
592 2945 779 3011 secundum
805 2946 1018 3033 propriorem
1037 2946 1351 3034 proximioremque
1371 2947 1475 3033 signi-

330 3070 525 3137 ficationem
545 3070 819 3157 distinguuntur.
831 3070 948 3136 Primo
961 3071 1054 3137 cuim
1071 3094 1130 3138 ens
1146 3072 1188 3136 de
1206 3073 1393 3160 principali
1413 3096 1473 3139 suo

330 3196 524 3282 significato
551 3204 667 3262 actum
698 3196 871 3282 significat
899 3197 1045 3279 esseudi;
1071 3196 1219 3273 seeundo
1248 3219 1321 3262 rem
1345 3205 1377 3282 (a
1406 3222 1474 3285 qua

330 3344 421 3386 reor
444 3328 650 3407 ratumque
674 3322 868 3405 deducitur)
880 3322 991 3408 magis
1007 3323 1248 3405 communiter,
1263 3346 1386 3411 nempe
1398 3331 1473 3390 tum

330 3454 446 3512 aetum
464 3447 611 3531 essendi,
630 3456 703 3513 tum
721 3447 950 3532 quidditatcm
967 3448 1077 3535 ipsam
1097 3456 1131 3512 et
1150 3449 1346 3531 esseutianu
1368 3450 1472 3514 tertio

263 3575 307 3637 25
331 3595 438 3637 unum
467 3572 641 3658 signifieat
667 3596 727 3638 eus
758 3580 792 3637 ct
818 3595 904 3656 rem,
934 3581 973 3638 ut
1002 3573 1190 3639 indivisum
1215 3573 1379 3658 quiddam
1410 3576 1473 3655 (ni-

329 3696 379 3762 hil
398 3697 526 3785 quippc
542 3707 604 3779 est,
624 3697 692 3762 uisi
710 3698 756 3762 sit
775 3697 839 3763 hoe
855 3699 910 3764 vel
924 3698 1009 3764 illud
1029 3708 1063 3763 et
1082 3700 1269 3765 secundum
1286 3724 1320 3765 se
1337 3706 1470 3784 unum);

330 3830 453 3908 quarto
487 3822 620 3908 aliquid
655 3823 829 3909 siguificat
863 3848 936 3907 ens,
973 3848 1056 3897 rem,
1089 3848 1211 3909 uuum,
1246 3834 1286 3892 ut
1322 3826 1470 3892 divisum

330 3948 494 4033 quiddam
513 3956 617 4033 atque
641 3948 845 4015 distinctum
864 3950 908 4015 ab
934 3951 937 4037 1
959 3950 1025 4014 aliu
1047 3972 1252 4036 quacunque
1271 3975 1321 4035 re,
1346 3975 1415 4017 uuo
1435 3959 1469 4017 et
1494 3970 1525 4019 a
1538 3959 1588 4020 5¹
1603 3959 1659 4020 Μ

329 4080 407 4138 ente
427 4072 572 4159 (aliqunl
595 4096 718 4161 nempe
741 4075 883 4157 dicitur,
904 4075 1002 4160 (prasi
1027 4075 1120 4140 aliud
1138 4077 1246 4161 quidp
1277 4078 1398 4162 quinto
1417 4102 1473 4143 ve·

993 4237 1114 4243 -...-—
1141 4238 1264 4244 ...--.-
1285 4240 1339 4245 .-..
1370 4241 1467 4248 ...-

420 4310 435 4357 2
453 4315 510 4367 (ut)
528 4304 701 4373 quantitatis
719 4308 742 4358 G
805 4308 954 4358 badstant
972 4311 995 4355 {l
1060 4310 1074 4357 l
1092 4327 1128 4372 sq.
1149 4311 1276 4375 reliqua,
1299 4314 1470 4379 quaudoque

327 4388 377 4436 eti
400 4388 463 4439 Hoc
484 4388 561 4439 enirn
583 4386 608 4437 (ι’
671 4389 775 4452 ‘lsorue
796 4389 997 4453 primitivum?
1059 4393 1242 4453 ‘dsynouime
1265 4407 1277 4439 e
1299 4391 1402 4442 riurilnz.
1430 4395 1471 4441 ol·

327 4479 401 4521 trare
414 4467 473 4518 ΜΤ
532 4471 563 4519 lv
579 4467 710 4534 quolibet
727 4469 763 4519 G:
784 4466 851 4535 leqyi
863 4469 1006 4534 quotlibet
1069 4471 1101 4520 ‘22
1117 4486 1176 4520 rem
1193 4474 1229 4522 G:
1245 4473 1315 4524 RES
1330 4473 1388 4523 MT
