3420 5190
509 607 722 720 llllillllll
755 608 925 723 Bllllll
957 606 1151 775 NllllNlS
1248 641 1252 648 ·

588 860 723 902 inavsrnr
743 860 843 909 inova
861 840 1073 901 navenannrss
1165 835 1167 839 ’

338 1041 399 1138 D.
458 1041 522 1139 D.
579 1039 839 1138 PETRO
893 1038 1314 1138 DALBENIO

696 1249 780 1280 ΑΒΒᾸΤΙ
795 1250 956 1284 unctulum

792 1448 870 1513 San.

725 1706 935 1715 ——-———-.-

346 2421 474 2488 Tribus
502 2418 721 2509 potissimum
739 2417 781 2484 de
809 2417 920 2485 causis
949 2418 1040 2484 hanc
1067 2441 1121 2485 me
1149 2418 1309 2486 adortum
1328 2444 1401 2488 esse

260 2569 392 2630 curam,
411 2553 451 2612 ut
469 2547 580 2611 lucem
609 2567 671 2633 pro
691 2567 808 2610 eorum
828 2543 1020 2630 capacitate
1038 2543 1271 2610 Aristotelicis
1290 2545 1403 2610 inten-

211 2709 214 2717 ·
258 2670 412 2737 tionibus
428 2670 627 2754 indicarem,
642 2669 768 2736 caeteri
778 2669 884 2734 velim
899 2668 1108 2734 existiment.
1121 2669 1275 2746 Quarum
1288 2671 1402 2757 prima

259 2803 325 2880 est,
350 2819 393 2860 ne
416 2795 510 2861 idat
538 2795 623 2860 mihi
652 2794 838 2880 contigisse
857 2793 1028 2877 videatur,
1052 2793 1144 2885 quod
1166 2793 1401 2860 literatori‘bus

192 2930 235 2993 10
258 2921 464 3008 quibusdam
482 2921 644 2987 universa
657 2906 786 2986 crebris
800 2918 1101 2985 observationibus
1116 2919 1402 2986 discussionibus-

257 3070 324 3133 que
343 3046 653 3134 conspurcantibus
675 3043 815 3129 accidit,
828 3045 889 3132 qui
903 3044 1087 3112 temeraria
1104 3044 1304 3132 ignorantia
1323 3070 1400 3112 curn

256 3171 439 3260 praecipiti
465 3170 613 3258 quadam
637 3171 837 3257 arrogantia
861 3170 1046 3237 coniuncta
1071 3170 1205 3236 suffulti
1232 3169 1274 3236 de
1306 3171 1400 3237 hisce

256 3297 372 3382 rebus,
392 3319 539 3383 quarum
562 3317 702 3383 prorsus
725 3295 895 3362 rationem
911 3295 1019 3362 ullam
1042 3318 1112 3362 non
1135 3296 1315 3382 haberent,
1333 3297 1400 3363 sibi

256 3445 419 3488 censurae
438 3443 563 3486 munus
585 3427 814 3507 usurparunt;
838 3421 931 3506 quod
949 3427 1048 3487 tanto
1072 3445 1150 3487 cum
1169 3422 1400 3488 studiosorum

193 3554 233 3617 15
256 3547 409 3634 plurium
427 3545 635 3611 detrimento
655 3544 787 3611 factum
809 3568 881 3612 esse
901 3569 1034 3630 censae,
1055 3553 1186 3633 quanto
1210 3549 1399 3615 consultius

257 3700 329 3769 esse
345 3676 483 3743 videtur
502 3674 678 3740 subtiliter
690 3696 768 3740 oum
784 3673 972 3740 Aristotele
989 3677 1045 3740 vel
1061 3675 1128 3741 alio
1145 3675 1186 3741 de
1208 3676 1211 3764 l
1233 3677 1401 3764 sophista·
1426 3694 1456 3742 a
1468 3679 1520 3742 2⁷

256 3825 333 3868 rum
351 3800 568 3889 principibus
587 3823 716 3866 errasse
729 3800 833 3885 (quod
846 3800 890 3866 ad
908 3800 1041 3886 ingenii
1058 3801 1212 3866 conferat
1226 3808 1398 3887 acumen),

259 3951 361 4014 quarn
381 3925 651 4013 infrugalissime
671 3948 747 3991 curn
779 3925 892 3991 eiusce
908 3925 1045 4012 generis
1076 3926 1188 3991 brutis
1207 3927 1399 3992 naturalem

257 4054 414 4119 emittere
442 4073 541 4139 posse
568 4050 733 4117 ruditum.
758 4051 915 4117 Secunda
944 4075 1030 4138 (luae
1050 4052 1116 4118 lruc
1143 4076 1196 4117 me
1216 4053 1332 4138 adegit
1360 4077 1400 4119 ca

191 4181 236 4243 20
258 4179 348 4244 ratic
368 4184 433 4262 est,
455 4176 545 4263 quod
559 4174 602 4241 de
619 4182 690 4241 tam
707 4175 844 4264 copiosa
855 4200 981 4260 eorum,
995 4177 1054 4263 qui
1073 4200 1109 4245 se
1126 4200 1196 4242 non
1212 4179 1311 4242 morlo
1326 4178 1400 4265 phi-

200 4309 203 4314 ’
257 4302 430 4390 losephos‚
449 4301 508 4367 sed
526 4308 561 4366 et
575 4323 642 4390 pro
660 4301 784 4369 maiori
799 4301 971 4388 dignitate
990 4302 1238 4390 Peripateticos
1257 4303 1398 4390 iactant,

257 4427 481 4497 multitudine
500 4446 690 4514 perpaucos
712 4446 785 4493 esse
813 4427 913 4495 video
937 4434 1073 4515 praeter
1092 4450 1162 4512 coe,
1187 4429 1311 4515 quilurs
1331 4453 1400 4495 ma·
