3420 5190
477 422 590 467 SVMMA
610 424 830 470 Tunniuoavn
851 427 1162 476 nnuapunslcouvn.
1354 419 1391 476 81

254 576 351 659 tatis,
363 576 518 661 virtutis,
531 580 792 666 magnitudinis,
802 583 1039 671 perfectionis,
1061 586 1065 674 l
1088 588 1297 673 cognitionis
1316 593 1392 671 etc.;
1420 597 1490 662 7¹7
1506 600 1561 663 M

251 702 338 768 nihil
356 703 440 769 item
456 704 559 770 adiici
575 712 689 793 potest
707 708 764 773 vel
778 697 907 797 apponi
926 712 981 777 vel
997 714 1250 800 supererogari,
1268 714 1323 779 cui
1343 714 1393 779 in·

252 829 462 895 violabiliter
481 831 596 896 omnia
616 832 620 921 Ι
642 841 819 917 constant,
837 859 857 900 a
876 837 972 904 cuius
991 845 1166 925 potestate
1184 840 1273 905 nihil
1289 839 1390 928 eripi,
1418 848 1527 913 4⁹79
1544 848 1585 914 G

252 953 358 1020 adimi
375 955 430 1022 vel
448 955 645 1024 defraudari
663 960 827 1047 possibile
846 969 906 1028 est.

682 1302 784 1367 XXI.
809 1304 960 1369 Manivn.

338 1596 407 1674 Qui
434 1596 517 1661 haec
545 1595 710 1662 inferiora
742 1597 858 1663 omnia
890 1596 1123 1664 mediantibus
1156 1599 1391 1685 superioribus

249 1722 376 1787 caussis
401 1722 438 1787 in
457 1729 572 1789 actum
590 1723 751 1810 producit
779 1729 813 1788 et
837 1746 1001 1810 corporea
1023 1746 1084 1810 per
1115 1723 1265 1790 medium
1294 1727 1392 1813 spiri-

248 1849 396 1914 tualium
427 1849 595 1934 vivificat,
626 1856 753 1935 servat,
773 1849 915 1932 format,
939 1849 983 1914 ad
1008 1849 1105 1915 cuius
1131 1851 1392 1938 contemplatio-

248 1997 328 2038 nem
357 1974 532 2039 mediante
560 1997 661 2040 sensu
682 1997 798 2040 rerum
825 1973 1112 2061 cognoscibilium
1141 1982 1176 2040 et
1204 1975 1389 2042 effectuum

184 2097 226 2161 10
248 2099 357 2186 ipsius
389 2099 660 2187 omnipotentiae
702 2100 980 2185 conscendimus,
1020 2101 1075 2164 cui
1108 2100 1388 2187 praesentissimo

247 2225 348 2290 rebus
384 2225 543 2291 omnibus
573 2248 644 2291 non
667 2225 793 2291 accidit
816 2247 930 2291 rerum
954 2224 1187 2310 cognitionem
1211 2231 1245 2290 et
1267 2226 1390 2311 guber-

174 2334 179 2341 ·
249 2349 424 2415 nationem
445 2358 479 2415 et
495 2352 790 2418 conservationem
809 2357 844 2415 et
862 2349 1124 2438 productionem
1139 2351 1302 2437 perficere
1321 2372 1389 2415 cer·

247 2477 292 2542 tis
320 2476 442 2541 mediis
470 2477 525 2542 vel
553 2476 801 2562 mediantibus,
831 2478 890 2542 sed
915 2476 1031 2542 omnia
1059 2499 1121 2563 per
1150 2500 1186 2541 se
1214 2477 1327 2563 ipsum
1351 2477 1388 2541 in

247 2601 407 2667 omnibus
426 2602 593 2689 adimplet
616 2608 650 2667 et
674 2603 711 2668 in
730 2624 791 2668 suo
814 2604 883 2667 fine
898 2601 1094 2686 constituit,
1111 2600 1154 2668 ad
1171 2624 1272 2688 quem
1287 2602 1389 2667 habe

183 2727 223 2794 15
246 2750 322 2792 mus
338 2749 510 2793 accessum
535 2729 649 2812 certis,
673 2750 760 2813 quae
775 2728 849 2814 ipse
864 2727 1184 2815 supernaturalibus
1203 2729 1257 2793 vel
1278 2734 1388 2794 extra-

245 2853 464 2919 naturalibus
487 2853 597 2919 modis
621 2853 810 2937 ordinavit,
835 2876 905 2918 non
923 2860 1090 2938 tanquam
1114 2853 1157 2919 ad
1181 2877 1260 2919 eum
1284 2854 1343 2940 qui
1367 2879 1387 2920 a

246 2977 346 3044 nobis
370 2978 473 3061 absit,
498 2978 556 3044 sed
579 2984 745 3065 tanquam
768 3003 788 3045 a
812 3001 879 3065 quo
903 3001 965 3045 nos
993 2976 1244 3065 quodammodo
1269 2980 1387 3045 abesse

245 3103 441 3188 contingat,
455 3103 546 3169 unde
565 3104 680 3169 evenit
692 3101 767 3194 (nt)
783 3097 939 3170 creatura
956 3103 1000 3169 ad
1016 3102 1115 3169 illum
1130 3126 1192 3190 per
1208 3110 1302 3169 certa
1320 3129 1387 3169 me-

245 3229 302 3295 dia
325 3236 490 3313 tanquam
510 3229 672 3314 elongata
692 3229 878 3316 dirigatur,
898 3229 971 3317 ipse
993 3251 1074 3295 vero
1097 3229 1198 3294 rebus
1222 3230 1297 3294 sine
1321 3253 1388 3293 me-

177 3353 222 3418 ‘20
244 3355 301 3420 dio
330 3353 488 3441 providet
522 3363 556 3420 et
584 3354 727 3438 assistit3
756 3377 827 3420 non
856 3360 973 3420 tamen
998 3355 1047 3419 ita
1081 3360 1121 3418 ut
1140 3354 1256 3419 omnia
1288 3353 1386 3418 iuxta

244 3480 401 3568 proprias
418 3481 568 3546 rationes
589 3480 700 3546 Deum
718 3481 887 3568 possimus
911 3480 1097 3567 appellare,
1118 3487 1158 3544 ut
1177 3479 1385 3564 quibusdam

244 3607 407 3672 accidisse
426 3607 668 3694 conspicimus,
689 3605 748 3672 scd
772 3607 882 3672 Deum
906 3605 1140 3690 intelligamus
1165 3603 1202 3668 in
1225 3605 1385 3670 omnibus

245 3739 279 3797 ct
298 3732 414 3798 omnia
432 3734 471 3799 in
489 3733 562 3799 Deo
586 3756 657 3799 non
680 3732 798 3799 eodem
818 3732 931 3814 modo;
952 3731 1044 3796 Deus
1068 3731 1105 3795 in
1129 3730 1289 3796 omnibus
1313 3737 1385 3795 tan-

246 3881 349 3944 quam
368 3861 565 3945 continens,
591 3860 628 3924 in
650 3860 724 3926 Deo
748 3867 914 3944 tanquam
938 3864 1101 3924 contenta
1125 3857 1168 3922 ab
1192 3879 1244 3940 eo,
1270 3856 1386 3941 sicque

178 3977 222 4041 25
247 3984 339 4050 Deus
355 3985 393 4050 in
409 3986 569 4051 omnibus
583 3986 795 4071 immediate,
815 3984 853 4050 in
868 3984 940 4050 Deo
958 3983 1073 4049 onmia
1091 4005 1161 4048 non
1179 3980 1384 4046 immediate.

336 4181 526 4249 oQuiJViM
571 4184 601 4232 15
612 4184 690 4247 forre
703 4183 789 4232 certis
803 4181 929 4243 (mediis)
978 4182 1008 4230 18
1024 4180 1172 4231 υῦθεοηι.
1189 4179 1221 4228 l!
1264 4182 1294 4228 19
1309 4179 1387 4228 elon·

245 4271 327 4330 gata,
342 4263 484 4328 dirigatur
500 4265 523 4314 (l
585 4265 618 4313 20
633 4262 782 4329 provideat
798 4269 829 4313 et
844 4261 963 4312 assistat
981 4262 1005 4312 G
1068 4259 1173 4328 tamon]
1191 4273 1272 4310 amen
1292 4259 1316 4307 G

380 4582 456 4623 Buonr
474 4581 529 4633 Opp.
544 4581 585 4620 lul.
601 4581 624 4633 1,
639 4581 658 4623 l.
