3420 5190
609 374 655 418 nn
675 375 860 421 MORDENTII
881 377 1022 422 sinemo.
1334 360 1395 418 255

248 534 283 594 te
303 551 373 595 non
396 552 460 616 pro
484 529 657 615 dignitate
673 497 850 616 ⁴loquendo
874 531 1061 597 detrahere.
1078 531 1119 597 ld
1143 537 1260 596 tamen
1281 551 1396 595 eoram

249 653 408 719 omnibus
442 653 583 718 minime
607 656 763 721 cunctari
791 656 990 743 profitebor,
1016 655 1108 743 quod
1132 655 1193 721 uni
1217 663 1288 721 tam
1313 653 1398 720 divi-

248 802 313 845 nae
341 786 547 864 exactaeque
570 779 687 866 praxis
711 780 931 847 adinventori
961 782 1158 867 quicunque
1181 779 1396 867 temporibus

248 902 373 990 elapsis
400 902 567 969 frustrata
597 904 822 991 inquisitione
850 913 951 971 tenus
981 906 1185 988 extiterunt,
1206 913 1246 970 ut
1273 879 1396 969 uinbra

205 1032 226 1095 5
248 1026 332 1109 luci,
352 1033 392 1093 ut
410 1051 500 1094 vana
519 1027 763 1115 phantasmata
782 1030 936 1114 veritati,
954 1038 988 1096 et
1007 1038 1046 1094 ut
1062 1029 1204 1095 divitias
1224 1051 1398 1115 aucupan-

249 1160 301 1218 tes
313 1153 508 1239 possessori,
522 1154 588 1219 tibi
601 1155 731 1242 optimo
748 1154 822 1220 iure
838 1155 955 1220 cedere
974 1155 1122 1220 debeant
1133 1159 1341 1240 geometrae3
1362 1159 1397 1218 te

250 1301 359 1344 unum
387 1278 426 1342 iu
449 1278 581 1344 eaelum
602 1279 762 1345 universa
780 1286 1034 1366 geometrarum
1057 1279 1242 1366 posteritas
1261 1278 1394 1361 efferat,

250 1402 427 1487 velutique
453 1404 538 1469 artis
564 1405 667 1471 huius
687 1407 692 1490 Ι
713 1406 825 1471 Deum
844 1405 1065 1471 sensibilibus
1088 1404 1269 1470 hominum
1289 1404 1396 1469 oeulis
1422 1402 1502 1465 19¹·

171 1505 176 1512 Ι
251 1527 446 1612 expositum
462 1528 669 1614 suspiciant,
688 1529 914 1612 admirentur,
935 1529 1068 1610 colant3
1088 1528 1193 1594 Lares
1210 1535 1297 1612 tuos,
1322 1550 1396 1594 eae·

187 1652 230 1715 10
253 1652 325 1717 lum
354 1651 612 1718 Salernitanum
647 1661 681 1719 et
715 1653 808 1719 diam
838 1654 933 1720 illius
962 1653 1152 1720 horizontis
1182 1653 1396 1719 maiestatem

252 1776 355 1862 longe
368 1776 479 1861 magis
492 1799 596 1861 quam
609 1777 777 1844 curiosam
790 1778 1001 1867 Aegyptum,
1012 1778 1277 1864 grandiloquum
1293 1776 1398 1842 Grae-

254 1901 356 1984 oiam,
383 1924 561 1988 operosam
590 1903 758 1988 Persiam,
783 1905 946 1971 subtilem
974 1904 1155 1987 Arabiam,
1180 1911 1397 1989 caeterasque

255 2029 371 2095 studio
395 2030 544 2096 famosas
567 2031 725 2117 regiones
749 2032 842 2097 caelo
864 2038 1069 2117 exaequent,
1090 2031 1260 2117 siquidem
1279 2029 1399 2096 Fabri·

255 2159 347 2225 cium
365 2158 477 2246 illum,
499 2182 601 2244 quem
618 2166 670 2225 tot
689 2161 802 2226 secula
822 2167 942 2247 totque
962 2161 1045 2226 olim
1064 2158 1264 2247 provinciae
1283 2164 1400 2246 partu·

192 2294 233 2357 15
256 2287 407 2370 riebant,
428 2311 468 2353 ea
486 2287 627 2353 tandem
646 2289 759 2375 patria
779 2288 878 2354 nobis
896 2289 1069 2377 peperisse
1087 2288 1211 2376 potuit.

349 2562 366 2613 2
383 2560 453 2612 aar&
467 2561 554 2612 voluto
568 2561 726 2614 cunctabor
738 2562 870 2629 profiteri
