<?xml version="1.0" encoding="UTF-8"?>
<!DOCTYPE html PUBLIC "-//W3C//DTD XHTML 1.0 Transitional//EN"
    "http://www.w3.org/TR/xhtml1/DTD/xhtml1-transitional.dtd">
<html xmlns="http://www.w3.org/1999/xhtml" xml:lang="en" lang="en">
 <head>
  <title>
</title>
<meta http-equiv="Content-Type" content="text/html;charset=utf-8" />
  <meta name='ocr-system' content='tesseract 3.04.00' />
  <meta name='ocr-capabilities' content='ocr_page ocr_carea ocr_par ocr_line ocrx_word'/>
</head>
<body>
  <div class='ocr_page' id='page_1' title='image "./jordanibruninol02brungoog_0036.png"; bbox 0 0 3420 5190; ppageno 0'>
   <div class='ocr_carea' id='block_1_1' title="bbox 485 398 1394 472">
    <p class='ocr_par' dir='ltr' id='par_1_1' title="bbox 485 398 1394 472">
     <span class='ocr_line' id='line_1_1' title="bbox 485 398 1394 472; baseline -0.002 -2"><span class='ocrx_word' id='word_1_1' title='bbox 485 421 596 470; x_wconf 74' lang='lat' dir='ltr'><strong>sunna</strong></span> <span class='ocrx_word' id='word_1_2' title='bbox 616 420 837 472; x_wconf 77' lang='lat' dir='ltr'><strong>mnnmoavn</strong></span> <span class='ocrx_word' id='word_1_3' title='bbox 855 419 1168 471; x_wconf 75' lang='lat' dir='ltr'><strong>narsrursrcoavu.</strong></span> <span class='ocrx_word' id='word_1_4' title='bbox 1356 398 1394 468; x_wconf 70' lang='lat'><strong>2?</strong></span> 
     </span>
    </p>
   </div>
   <div class='ocr_carea' id='block_1_2' title="bbox 188 579 1550 4184">
    <p class='ocr_par' dir='ltr' id='par_1_2' title="bbox 188 579 1550 4184">
     <span class='ocr_line' id='line_1_2' title="bbox 255 579 1395 669; baseline -0.002 -23"><span class='ocrx_word' id='word_1_5' title='bbox 255 603 332 666; x_wconf 90' lang='lat' dir='ltr'><strong>nes,</strong></span> <span class='ocrx_word' id='word_1_6' title='bbox 352 603 440 667; x_wconf 92' lang='lat' dir='ltr'><strong>quae</strong></span> <span class='ocrx_word' id='word_1_7' title='bbox 459 603 634 647; x_wconf 83' lang='lat' dir='ltr'><strong>exsensus</strong></span> <span class='ocrx_word' id='word_1_8' title='bbox 653 581 853 647; x_wconf 76' lang='lat' dir='ltr'><strong>turbatione</strong></span> <span class='ocrx_word' id='word_1_9' title='bbox 869 580 923 646; x_wconf 91' lang='lat' dir='ltr'><strong>vel</strong></span> <span class='ocrx_word' id='word_1_10' title='bbox 941 580 1091 646; x_wconf 90' lang='lat' dir='ltr'><strong>laesione</strong></span> <span class='ocrx_word' id='word_1_11' title='bbox 1106 579 1326 669; x_wconf 86' lang='lat' dir='ltr'><strong>proveniunt.</strong></span> <span class='ocrx_word' id='word_1_12' title='bbox 1339 579 1395 644; x_wconf 86' lang='lat' dir='ltr'><strong>Ad</strong></span> 
     </span>
     <span class='ocr_line' id='line_1_3' title="bbox 253 707 1396 796; baseline -0.003 -20"><span class='ocrx_word' id='word_1_13' title='bbox 253 711 319 777; x_wconf 92' lang='lat' dir='ltr'><strong>hoc</strong></span> <span class='ocrx_word' id='word_1_14' title='bbox 328 732 438 796; x_wconf 86' lang='lat' dir='ltr'><strong>genus</strong></span> <span class='ocrx_word' id='word_1_15' title='bbox 449 709 604 775; x_wconf 87' lang='lat' dir='ltr'><strong>referunt</strong></span> <span class='ocrx_word' id='word_1_16' title='bbox 615 708 845 792; x_wconf 81' lang='lat' dir='ltr'>dulcedinem,</span> <span class='ocrx_word' id='word_1_17' title='bbox 858 707 1133 793; x_wconf 76' lang='lat' dir='ltr'><strong>amaritudinem,</strong></span> <span class='ocrx_word' id='word_1_18' title='bbox 1147 708 1396 792; x_wconf 78' lang='lat' dir='ltr'><strong>austeritatem,</strong></span> 
     </span>
     <span class='ocr_line' id='line_1_4' title="bbox 255 836 1395 926; baseline -0.002 -21"><span class='ocrx_word' id='word_1_19' title='bbox 255 861 341 926; x_wconf 88' lang='lat' dir='ltr'><strong>quae</strong></span> <span class='ocrx_word' id='word_1_20' title='bbox 351 838 546 926; x_wconf 83' lang='lat' dir='ltr'><strong>passionem</strong></span> <span class='ocrx_word' id='word_1_21' title='bbox 557 843 730 921; x_wconf 82' lang='lat' dir='ltr'><strong>caussant3</strong></span> <span class='ocrx_word' id='word_1_22' title='bbox 745 836 828 902; x_wconf 90' lang='lat' dir='ltr'><strong>item</strong></span> <span class='ocrx_word' id='word_1_23' title='bbox 845 836 1026 922; x_wconf 86' lang='lat' dir='ltr'><strong>invidiam,</strong></span> <span class='ocrx_word' id='word_1_24' title='bbox 1044 836 1278 923; x_wconf 84' lang='lat' dir='ltr'><strong>formidinem,</strong></span> <span class='ocrx_word' id='word_1_25' title='bbox 1299 861 1395 925; x_wconf 88' lang='lat' dir='ltr'><strong>spem</strong></span> 
     </span>
     <span class='ocr_line' id='line_1_5' title="bbox 255 961 1396 1049; baseline -0.004 -18"><span class='ocrx_word' id='word_1_26' title='bbox 255 970 289 1030; x_wconf 91' lang='lat' dir='ltr'><strong>et</strong></span> <span class='ocrx_word' id='word_1_27' title='bbox 308 962 449 1049; x_wconf 89' lang='lat' dir='ltr'><strong>similia,</strong></span> <span class='ocrx_word' id='word_1_28' title='bbox 470 985 558 1049; x_wconf 88' lang='lat' dir='ltr'><strong>quae</strong></span> <span class='ocrx_word' id='word_1_29' title='bbox 577 985 596 1029; x_wconf 89' lang='lat' dir='ltr'><strong>a</strong></span> <span class='ocrx_word' id='word_1_30' title='bbox 621 984 723 1028; x_wconf 87' lang='lat' dir='ltr'><strong>sensu</strong></span> <span class='ocrx_word' id='word_1_31' title='bbox 741 967 776 1027; x_wconf 92' lang='lat' dir='ltr'><strong>et</strong></span> <span class='ocrx_word' id='word_1_32' title='bbox 800 961 987 1028; x_wconf 88' lang='lat' dir='ltr'><strong>secundum</strong></span> <span class='ocrx_word' id='word_1_33' title='bbox 1005 985 1143 1029; x_wconf 88' lang='lat' dir='ltr'><strong>sensum</strong></span> <span class='ocrx_word' id='word_1_34' title='bbox 1161 963 1259 1029; x_wconf 89' lang='lat' dir='ltr'><strong>fiunt.</strong></span> <span class='ocrx_word' id='word_1_35' title='bbox 1279 962 1396 1028; x_wconf 88' lang='lat' dir='ltr'><strong>Passi-</strong></span> 
     </span>
     <span class='ocr_line' id='line_1_6' title="bbox 210 1082 1398 1175; baseline -0.003 -20"><span class='ocrx_word' id='word_1_36' title='bbox 210 1082 230 1146; x_wconf 82' lang='lat'>5</span> <span class='ocrx_word' id='word_1_37' title='bbox 254 1088 341 1155; x_wconf 88' lang='lat' dir='ltr'><strong>biles</strong></span> <span class='ocrx_word' id='word_1_38' title='bbox 370 1088 554 1174; x_wconf 89' lang='lat' dir='ltr'><strong>qualitates</strong></span> <span class='ocrx_word' id='word_1_39' title='bbox 578 1087 742 1154; x_wconf 89' lang='lat' dir='ltr'><strong>dicuntur</strong></span> <span class='ocrx_word' id='word_1_40' title='bbox 769 1087 968 1175; x_wconf 81' lang='lat' dir='ltr'><strong>dupliciter:</strong></span> <span class='ocrx_word' id='word_1_41' title='bbox 992 1088 1048 1153; x_wconf 90' lang='lat' dir='ltr'><strong>vel</strong></span> <span class='ocrx_word' id='word_1_42' title='bbox 1071 1087 1153 1174; x_wconf 90' lang='lat' dir='ltr'><strong>quia</strong></span> <span class='ocrx_word' id='word_1_43' title='bbox 1183 1110 1321 1154; x_wconf 89' lang='lat' dir='ltr'><strong>sensum</strong></span> <span class='ocrx_word' id='word_1_44' title='bbox 1349 1087 1398 1153; x_wconf 87' lang='lat' dir='ltr'><strong>fa·</strong></span> 
     </span>
     <span class='ocr_line' id='line_1_7' title="bbox 254 1211 1396 1300; baseline -0.003 -20"><span class='ocrx_word' id='word_1_45' title='bbox 254 1214 352 1280; x_wconf 85' lang='lat' dir='ltr'><strong>ciunt</strong></span> <span class='ocrx_word' id='word_1_46' title='bbox 368 1219 402 1279; x_wconf 90' lang='lat' dir='ltr'><strong>et</strong></span> <span class='ocrx_word' id='word_1_47' title='bbox 420 1219 575 1297; x_wconf 88' lang='lat' dir='ltr'><strong>movent,</strong></span> <span class='ocrx_word' id='word_1_48' title='bbox 592 1220 633 1278; x_wconf 92' lang='lat' dir='ltr'><strong>ut</strong></span> <span class='ocrx_word' id='word_1_49' title='bbox 651 1211 783 1299; x_wconf 87' lang='lat' dir='ltr'><strong>fulgur,</strong></span> <span class='ocrx_word' id='word_1_50' title='bbox 802 1212 876 1297; x_wconf 77' lang='lat' dir='ltr'><strong>lun,</strong></span> <span class='ocrx_word' id='word_1_51' title='bbox 893 1211 1072 1300; x_wconf 90' lang='lat' dir='ltr'><strong>strepitus,</strong></span> <span class='ocrx_word' id='word_1_52' title='bbox 1089 1233 1220 1295; x_wconf 90' lang='lat' dir='ltr'><strong>rumor;</strong></span> <span class='ocrx_word' id='word_1_53' title='bbox 1241 1212 1296 1279; x_wconf 87' lang='lat' dir='ltr'><strong>vel</strong></span> <span class='ocrx_word' id='word_1_54' title='bbox 1315 1212 1396 1298; x_wconf 89' lang='lat' dir='ltr'><strong>quia</strong></span> 
     </span>
     <span class='ocr_line' id='line_1_8' title="bbox 255 1336 1395 1426; baseline -0.003 -20"><span class='ocrx_word' id='word_1_55' title='bbox 255 1362 275 1406; x_wconf 92' lang='lat' dir='ltr'><strong>a</strong></span> <span class='ocrx_word' id='word_1_56' title='bbox 305 1361 424 1406; x_wconf 89' lang='lat' dir='ltr'><strong>sensus</strong></span> <span class='ocrx_word' id='word_1_57' title='bbox 458 1338 610 1405; x_wconf 91' lang='lat' dir='ltr'><strong>motione</strong></span> <span class='ocrx_word' id='word_1_58' title='bbox 640 1337 744 1423; x_wconf 87' lang='lat' dir='ltr'><strong>fiunt,</strong></span> <span class='ocrx_word' id='word_1_59' title='bbox 778 1344 819 1404; x_wconf 92' lang='lat' dir='ltr'><strong>ut</strong></span> <span class='ocrx_word' id='word_1_60' title='bbox 850 1336 1000 1404; x_wconf 89' lang='lat' dir='ltr'><strong>surditas</strong></span> <span class='ocrx_word' id='word_1_61' title='bbox 1032 1360 1074 1404; x_wconf 83' lang='lat' dir='ltr'><strong>ex</strong></span> <span class='ocrx_word' id='word_1_62' title='bbox 1098 1338 1206 1405; x_wconf 90' lang='lat' dir='ltr'><strong>multo</strong></span> <span class='ocrx_word' id='word_1_63' title='bbox 1232 1336 1395 1426; x_wconf 88' lang='lat' dir='ltr'><strong>strepitu,</strong></span> 
     </span>
     <span class='ocr_line' id='line_1_9' title="bbox 254 1461 1398 1550; baseline -0.001 -21"><span class='ocrx_word' id='word_1_64' title='bbox 254 1463 465 1550; x_wconf 83' lang='lat' dir='ltr'><strong>disgregatio</strong></span> <span class='ocrx_word' id='word_1_65' title='bbox 489 1463 584 1529; x_wconf 91' lang='lat' dir='ltr'><strong>visus</strong></span> <span class='ocrx_word' id='word_1_66' title='bbox 608 1485 650 1528; x_wconf 88' lang='lat' dir='ltr'><strong>ex</strong></span> <span class='ocrx_word' id='word_1_67' title='bbox 682 1463 793 1528; x_wconf 87' lang='lat' dir='ltr'><strong>multa</strong></span> <span class='ocrx_word' id='word_1_68' title='bbox 827 1463 912 1528; x_wconf 91' lang='lat' dir='ltr'><strong>luce.</strong></span> <span class='ocrx_word' id='word_1_69' title='bbox 940 1463 1123 1530; x_wconf 86' lang='lat' dir='ltr'><strong>Passiones</strong></span> <span class='ocrx_word' id='word_1_70' title='bbox 1158 1485 1240 1530; x_wconf 90' lang='lat' dir='ltr'><strong>vero</strong></span> <span class='ocrx_word' id='word_1_71' title='bbox 1278 1461 1398 1528; x_wconf 88' lang='lat' dir='ltr'><strong>dicun·</strong></span> 
     </span>
     <span class='ocr_line' id='line_1_10' title="bbox 254 1587 1398 1675; baseline -0.002 -21"><span class='ocrx_word' id='word_1_72' title='bbox 254 1593 324 1672; x_wconf 90' lang='lat' dir='ltr'><strong>tur,</strong></span> <span class='ocrx_word' id='word_1_73' title='bbox 351 1610 438 1673; x_wconf 90' lang='lat' dir='ltr'><strong>quae</strong></span> <span class='ocrx_word' id='word_1_74' title='bbox 460 1611 532 1655; x_wconf 89' lang='lat' dir='ltr'><strong>non</strong></span> <span class='ocrx_word' id='word_1_75' title='bbox 555 1587 742 1655; x_wconf 86' lang='lat' dir='ltr'><strong>secundum</strong></span> <span class='ocrx_word' id='word_1_76' title='bbox 768 1610 906 1654; x_wconf 90' lang='lat' dir='ltr'><strong>sensum</strong></span> <span class='ocrx_word' id='word_1_77' title='bbox 936 1589 1040 1675; x_wconf 88' lang='lat' dir='ltr'><strong>fiunt,</strong></span> <span class='ocrx_word' id='word_1_78' title='bbox 1066 1595 1102 1654; x_wconf 92' lang='lat' dir='ltr'><strong>et</strong></span> <span class='ocrx_word' id='word_1_79' title='bbox 1124 1587 1322 1655; x_wconf 88' lang='lat' dir='ltr'><strong>huiusmodi</strong></span> <span class='ocrx_word' id='word_1_80' title='bbox 1348 1587 1398 1653; x_wconf 88' lang='lat' dir='ltr'><strong>af·</strong></span> 
     </span>
     <span class='ocr_line' id='line_1_11' title="bbox 189 1687 1398 1800; baseline -0.001 -21"><span class='ocrx_word' id='word_1_81' title='bbox 189 1705 233 1769; x_wconf 85' lang='lat'><strong>10</strong></span> <span class='ocrx_word' id='word_1_82' title='bbox 253 1712 436 1798; x_wconf 83' lang='lat' dir='ltr'><strong>sectiones,</strong></span> <span class='ocrx_word' id='word_1_83' title='bbox 457 1734 545 1800; x_wconf 90' lang='lat' dir='ltr'><strong>quae</strong></span> <span class='ocrx_word' id='word_1_84' title='bbox 563 1713 792 1779; x_wconf 89' lang='lat' dir='ltr'><strong>communiter</strong></span> <span class='ocrx_word' id='word_1_85' title='bbox 810 1713 849 1779; x_wconf 90' lang='lat' dir='ltr'><strong>in</strong></span> <span class='ocrx_word' id='word_1_86' title='bbox 869 1713 923 1780; x_wconf 90' lang='lat' dir='ltr'><strong>his</strong></span> <span class='ocrx_word' id='word_1_87' title='bbox 952 1736 1039 1799; x_wconf 90' lang='lat' dir='ltr'><strong>quae</strong></span> <span class='ocrx_word' id='word_1_88' title='bbox 1063 1714 1219 1781; x_wconf 88' lang='lat' dir='ltr'><strong>sentiunt</strong></span> <span class='ocrx_word' id='word_1_89' title='bbox 1249 1720 1284 1778; x_wconf 93' lang='lat' dir='ltr'><strong>et</strong></span> <span class='ocrx_word' id='word_1_90' title='bbox 1310 1687 1398 1798; x_wconf 90' lang='lat' dir='ltr'><strong>quae</strong></span> 
     </span>
     <span class='ocr_line' id='line_1_12' title="bbox 255 1837 1550 1927; baseline -0.002 -23"><span class='ocrx_word' id='word_1_91' title='bbox 255 1861 327 1904; x_wconf 91' lang='lat' dir='ltr'><strong>non</strong></span> <span class='ocrx_word' id='word_1_92' title='bbox 354 1839 509 1905; x_wconf 89' lang='lat' dir='ltr'><strong>sentiunt</strong></span> <span class='ocrx_word' id='word_1_93' title='bbox 532 1838 770 1905; x_wconf 89' lang='lat' dir='ltr'><strong>inveniuntur.</strong></span> <span class='ocrx_word' id='word_1_94' title='bbox 809 1838 940 1916; x_wconf 82' lang='lat' dir='ltr'><strong>Quarta</strong></span> <span class='ocrx_word' id='word_1_95' title='bbox 973 1839 1101 1927; x_wconf 87' lang='lat' dir='ltr'><strong>species</strong></span> <span class='ocrx_word' id='word_1_96' title='bbox 1134 1862 1194 1906; x_wconf 90' lang='lat' dir='ltr'><strong>seu</strong></span> <span class='ocrx_word' id='word_1_97' title='bbox 1220 1837 1550 1920; x_wconf 72' lang='lat' dir='ltr'><strong>diffelren-1&#39;7M</strong></span> 
     </span>
     <span class='ocr_line' id='line_1_13' title="bbox 255 1962 1396 2052; baseline 0.001 -23"><span class='ocrx_word' id='word_1_98' title='bbox 255 1963 305 2030; x_wconf 92' lang='lat' dir='ltr'><strong>tia</strong></span> <span class='ocrx_word' id='word_1_99' title='bbox 328 1970 379 2030; x_wconf 90' lang='lat' dir='ltr'><strong>est</strong></span> <span class='ocrx_word' id='word_1_100' title='bbox 403 1964 492 2030; x_wconf 88' lang='lat' dir='ltr'><strong>sicut</strong></span> <span class='ocrx_word' id='word_1_101' title='bbox 515 1962 627 2030; x_wconf 88' lang='lat' dir='ltr'><strong>forma</strong></span> <span class='ocrx_word' id='word_1_102' title='bbox 651 1971 685 2029; x_wconf 94' lang='lat' dir='ltr'><strong>et</strong></span> <span class='ocrx_word' id='word_1_103' title='bbox 709 1964 936 2031; x_wconf 81' lang='lat' dir='ltr'><strong>circumstans</strong></span> <span class='ocrx_word' id='word_1_104' title='bbox 959 1964 1087 2052; x_wconf 86' lang='lat' dir='ltr'><strong>figura:</strong></span> <span class='ocrx_word' id='word_1_105' title='bbox 1112 1965 1223 2031; x_wconf 86' lang='lat' dir='ltr'><strong>forma</strong></span> <span class='ocrx_word' id='word_1_106' title='bbox 1243 1963 1396 2051; x_wconf 91' lang='lat' dir='ltr'><strong>quidem,</strong></span> 
     </span>
     <span class='ocr_line' id='line_1_14' title="bbox 255 2087 1396 2177; baseline 0 -23"><span class='ocrx_word' id='word_1_107' title='bbox 255 2111 323 2175; x_wconf 90' lang='lat' dir='ltr'><strong>qua</strong></span> <span class='ocrx_word' id='word_1_108' title='bbox 337 2087 469 2175; x_wconf 89' lang='lat' dir='ltr'><strong>aliquid</strong></span> <span class='ocrx_word' id='word_1_109' title='bbox 489 2088 617 2154; x_wconf 88' lang='lat' dir='ltr'><strong>dicitur</strong></span> <span class='ocrx_word' id='word_1_110' title='bbox 635 2088 830 2177; x_wconf 87' lang='lat' dir='ltr'><strong>pulchrum,</strong></span> <span class='ocrx_word' id='word_1_111' title='bbox 851 2096 966 2177; x_wconf 87' lang='lat' dir='ltr'><strong>turpe,</strong></span> <span class='ocrx_word' id='word_1_112' title='bbox 986 2089 1188 2173; x_wconf 89' lang='lat' dir='ltr'><strong>humanum,</strong></span> <span class='ocrx_word' id='word_1_113' title='bbox 1205 2088 1396 2172; x_wconf 79' lang='lat' dir='ltr'><strong>leoninum3</strong></span> 
     </span>
     <span class='ocr_line' id='line_1_15' title="bbox 254 2212 1398 2302; baseline -0.001 -23"><span class='ocrx_word' id='word_1_114' title='bbox 254 2212 380 2299; x_wconf 84' lang='lat' dir='ltr'><strong>figura,</strong></span> <span class='ocrx_word' id='word_1_115' title='bbox 411 2235 479 2300; x_wconf 89' lang='lat' dir='ltr'><strong>qua</strong></span> <span class='ocrx_word' id='word_1_116' title='bbox 502 2212 630 2280; x_wconf 86' lang='lat' dir='ltr'><strong>dieitur</strong></span> <span class='ocrx_word' id='word_1_117' title='bbox 664 2214 956 2302; x_wconf 82' lang='lat' dir='ltr'><strong>quadrangulum,</strong></span> <span class='ocrx_word' id='word_1_118' title='bbox 987 2214 1217 2301; x_wconf 86' lang='lat' dir='ltr'><strong>triangulum,</strong></span> <span class='ocrx_word' id='word_1_119' title='bbox 1247 2213 1398 2302; x_wconf 88' lang='lat' dir='ltr'><strong>pyrami·</strong></span> 
     </span>
     <span class='ocr_line' id='line_1_16' title="bbox 190 2327 1394 2426; baseline 0.001 -23"><span class='ocrx_word' id='word_1_120' title='bbox 190 2327 232 2394; x_wconf 85' lang='lat'><strong>15</strong></span> <span class='ocrx_word' id='word_1_121' title='bbox 255 2336 331 2404; x_wconf 87' lang='lat' dir='ltr'><strong>dale</strong></span> <span class='ocrx_word' id='word_1_122' title='bbox 361 2345 439 2424; x_wconf 83' lang='lat' dir='ltr'><strong>etc,</strong></span> <span class='ocrx_word' id='word_1_123' title='bbox 462 2338 545 2405; x_wconf 90' lang='lat' dir='ltr'><strong>licet</strong></span> <span class='ocrx_word' id='word_1_124' title='bbox 568 2338 754 2405; x_wconf 86' lang='lat' dir='ltr'><strong>interdum¹</strong></span> <span class='ocrx_word' id='word_1_125' title='bbox 767 2340 855 2406; x_wconf 91' lang='lat' dir='ltr'><strong>istae</strong></span> <span class='ocrx_word' id='word_1_126' title='bbox 882 2338 1152 2426; x_wconf 86' lang='lat' dir='ltr'><strong>significationes</strong></span> <span class='ocrx_word' id='word_1_127' title='bbox 1181 2337 1394 2406; x_wconf 83' lang='lat' dir='ltr'><strong>confundan-</strong></span> 
     </span>
     <span class='ocr_line' id='line_1_17' title="bbox 255 2463 1397 2554; baseline 0.001 -25"><span class='ocrx_word' id='word_1_128' title='bbox 255 2468 322 2529; x_wconf 88' lang='lat' dir='ltr'><strong>tur.</strong></span> <span class='ocrx_word' id='word_1_129' title='bbox 341 2463 470 2530; x_wconf 81' lang='lat' dir='ltr'><strong>Forma</strong></span> <span class='ocrx_word' id='word_1_130' title='bbox 497 2470 612 2530; x_wconf 89' lang='lat' dir='ltr'><strong>autem</strong></span> <span class='ocrx_word' id='word_1_131' title='bbox 641 2471 693 2530; x_wconf 89' lang='lat' dir='ltr'><strong>est</strong></span> <span class='ocrx_word' id='word_1_132' title='bbox 724 2464 864 2554; x_wconf 87' lang='lat' dir='ltr'><strong>duplex:</strong></span> <span class='ocrx_word' id='word_1_133' title='bbox 894 2465 1096 2551; x_wconf 86' lang='lat' dir='ltr'><strong>intrinseca,</strong></span> <span class='ocrx_word' id='word_1_134' title='bbox 1122 2471 1158 2530; x_wconf 92' lang='lat' dir='ltr'><strong>et</strong></span> <span class='ocrx_word' id='word_1_135' title='bbox 1186 2464 1251 2531; x_wconf 92' lang='lat' dir='ltr'><strong>hoc</strong></span> <span class='ocrx_word' id='word_1_136' title='bbox 1280 2469 1397 2552; x_wconf 85' lang='lat' dir='ltr'><strong>pactu,</strong></span> 
     </span>
     <span class='ocr_line' id='line_1_18' title="bbox 254 2587 1399 2679; baseline 0 -25"><span class='ocrx_word' id='word_1_137' title='bbox 254 2595 295 2654; x_wconf 93' lang='lat' dir='ltr'><strong>ut</strong></span> <span class='ocrx_word' id='word_1_138' title='bbox 310 2593 362 2654; x_wconf 91' lang='lat' dir='ltr'><strong>est</strong></span> <span class='ocrx_word' id='word_1_139' title='bbox 380 2587 482 2655; x_wconf 89' lang='lat' dir='ltr'><strong>facile</strong></span> <span class='ocrx_word' id='word_1_140' title='bbox 501 2589 557 2655; x_wconf 89' lang='lat' dir='ltr'><strong>vel</strong></span> <span class='ocrx_word' id='word_1_141' title='bbox 580 2589 719 2655; x_wconf 89' lang='lat' dir='ltr'><strong>difficile</strong></span> <span class='ocrx_word' id='word_1_142' title='bbox 737 2590 891 2677; x_wconf 89' lang='lat' dir='ltr'><strong>mobilis,</strong></span> <span class='ocrx_word' id='word_1_143' title='bbox 912 2590 1066 2679; x_wconf 89' lang='lat' dir='ltr'><strong>pertinet</strong></span> <span class='ocrx_word' id='word_1_144' title='bbox 1091 2591 1135 2657; x_wconf 90' lang='lat' dir='ltr'><strong>ad</strong></span> <span class='ocrx_word' id='word_1_145' title='bbox 1157 2590 1306 2679; x_wconf 90' lang='lat' dir='ltr'><strong>primam</strong></span> <span class='ocrx_word' id='word_1_146' title='bbox 1326 2611 1399 2677; x_wconf 92' lang='lat' dir='ltr'><strong>spe·</strong></span> 
     </span>
     <span class='ocr_line' id='line_1_19' title="bbox 255 2713 1396 2804; baseline -0.002 -24"><span class='ocrx_word' id='word_1_147' title='bbox 255 2713 343 2780; x_wconf 88' lang='lat' dir='ltr'><strong>ciem</strong></span> <span class='ocrx_word' id='word_1_148' title='bbox 370 2713 564 2800; x_wconf 87' lang='lat' dir='ltr'><strong>qualitatis,</strong></span> <span class='ocrx_word' id='word_1_149' title='bbox 584 2720 619 2780; x_wconf 90' lang='lat' dir='ltr'><strong>et</strong></span> <span class='ocrx_word' id='word_1_150' title='bbox 642 2721 694 2780; x_wconf 88' lang='lat' dir='ltr'><strong>est</strong></span> <span class='ocrx_word' id='word_1_151' title='bbox 724 2713 835 2782; x_wconf 90' lang='lat' dir='ltr'><strong>forma</strong></span> <span class='ocrx_word' id='word_1_152' title='bbox 863 2717 1111 2804; x_wconf 88' lang='lat' dir='ltr'><strong>superveniens</strong></span> <span class='ocrx_word' id='word_1_153' title='bbox 1138 2715 1344 2803; x_wconf 89' lang='lat' dir='ltr'><strong>composito;</strong></span> <span class='ocrx_word' id='word_1_154' title='bbox 1366 2713 1396 2779; x_wconf 91' lang='lat' dir='ltr'><strong>si</strong></span> 
     </span>
     <span class='ocr_line' id='line_1_20' title="bbox 255 2837 1400 2930; baseline 0 -26"><span class='ocrx_word' id='word_1_155' title='bbox 255 2860 338 2905; x_wconf 86' lang='lat' dir='ltr'><strong>vero</strong></span> <span class='ocrx_word' id='word_1_156' title='bbox 361 2845 414 2904; x_wconf 88' lang='lat' dir='ltr'><strong>est</strong></span> <span class='ocrx_word' id='word_1_157' title='bbox 441 2837 552 2905; x_wconf 88' lang='lat' dir='ltr'><strong>forma</strong></span> <span class='ocrx_word' id='word_1_158' title='bbox 580 2839 769 2906; x_wconf 87' lang='lat' dir='ltr'><strong>intrinseca</strong></span> <span class='ocrx_word' id='word_1_159' title='bbox 799 2843 1013 2908; x_wconf 88' lang='lat' dir='ltr'><strong>constituens</strong></span> <span class='ocrx_word' id='word_1_160' title='bbox 1043 2839 1286 2930; x_wconf 89' lang='lat' dir='ltr'><strong>compositum,</strong></span> <span class='ocrx_word' id='word_1_161' title='bbox 1312 2861 1400 2924; x_wconf 90' lang='lat' dir='ltr'><strong>quae</strong></span> 
     </span>
     <span class='ocr_line' id='line_1_21' title="bbox 188 2960 1399 3052; baseline 0.003 -27"><span class='ocrx_word' id='word_1_162' title='bbox 188 2960 234 3025; x_wconf 79' lang='lat'><strong>20</strong></span> <span class='ocrx_word' id='word_1_163' title='bbox 255 2962 416 3029; x_wconf 89' lang='lat' dir='ltr'><strong>videlicet</strong></span> <span class='ocrx_word' id='word_1_164' title='bbox 434 2963 633 3031; x_wconf 90' lang='lat' dir='ltr'><strong>immediate</strong></span> <span class='ocrx_word' id='word_1_165' title='bbox 653 2965 808 3032; x_wconf 89' lang='lat' dir='ltr'><strong>inhaeret</strong></span> <span class='ocrx_word' id='word_1_166' title='bbox 827 2967 1004 3052; x_wconf 88' lang='lat' dir='ltr'><strong>materiae,</strong></span> <span class='ocrx_word' id='word_1_167' title='bbox 1024 2974 1109 3033; x_wconf 91' lang='lat' dir='ltr'><strong>tunc</strong></span> <span class='ocrx_word' id='word_1_168' title='bbox 1138 2973 1191 3032; x_wconf 89' lang='lat' dir='ltr'><strong>est</strong></span> <span class='ocrx_word' id='word_1_169' title='bbox 1217 2966 1254 3030; x_wconf 91' lang='lat' dir='ltr'><strong>in</strong></span> <span class='ocrx_word' id='word_1_170' title='bbox 1273 2987 1399 3051; x_wconf 87' lang='lat' dir='ltr'><strong>genere</strong></span> 
     </span>
     <span class='ocr_line' id='line_1_22' title="bbox 256 3088 1399 3180; baseline 0 -26"><span class='ocrx_word' id='word_1_171' title='bbox 256 3088 485 3174; x_wconf 88' lang='lat' dir='ltr'><strong>substantiae,</strong></span> <span class='ocrx_word' id='word_1_172' title='bbox 500 3090 778 3176; x_wconf 90' lang='lat' dir='ltr'><strong>quandoquidem</strong></span> <span class='ocrx_word' id='word_1_173' title='bbox 793 3093 991 3159; x_wconf 88' lang='lat' dir='ltr'><strong>substantia</strong></span> <span class='ocrx_word' id='word_1_174' title='bbox 1006 3092 1134 3180; x_wconf 85' lang='lat' dir='ltr'><strong>triplex</strong></span> <span class='ocrx_word' id='word_1_175' title='bbox 1147 3099 1213 3176; x_wconf 91' lang='lat' dir='ltr'><strong>est,</strong></span> <span class='ocrx_word' id='word_1_176' title='bbox 1230 3089 1399 3176; x_wconf 90' lang='lat' dir='ltr'><strong>quaedam</strong></span> 
     </span>
     <span class='ocr_line' id='line_1_23' title="bbox 258 3215 1397 3304; baseline 0 -24"><span class='ocrx_word' id='word_1_177' title='bbox 258 3221 297 3281; x_wconf 93' lang='lat' dir='ltr'><strong>ut</strong></span> <span class='ocrx_word' id='word_1_178' title='bbox 316 3215 474 3300; x_wconf 90' lang='lat' dir='ltr'><strong>materia,</strong></span> <span class='ocrx_word' id='word_1_179' title='bbox 500 3216 668 3301; x_wconf 89' lang='lat' dir='ltr'><strong>quaedam</strong></span> <span class='ocrx_word' id='word_1_180' title='bbox 692 3224 730 3282; x_wconf 89' lang='lat' dir='ltr'><strong>ut</strong></span> <span class='ocrx_word' id='word_1_181' title='bbox 753 3215 879 3302; x_wconf 88' lang='lat' dir='ltr'><strong>forma,</strong></span> <span class='ocrx_word' id='word_1_182' title='bbox 904 3217 1073 3304; x_wconf 90' lang='lat' dir='ltr'><strong>quaedam</strong></span> <span class='ocrx_word' id='word_1_183' title='bbox 1095 3225 1136 3284; x_wconf 92' lang='lat' dir='ltr'><strong>ut</strong></span> <span class='ocrx_word' id='word_1_184' title='bbox 1160 3216 1397 3303; x_wconf 88' lang='lat' dir='ltr'><strong>compositum.</strong></span> 
     </span>
     <span class='ocr_line' id='line_1_24' title="bbox 255 3339 1401 3428; baseline 0.002 -22"><span class='ocrx_word' id='word_1_185' title='bbox 255 3341 382 3407; x_wconf 83' lang='lat' dir='ltr'><strong>Forma</strong></span> <span class='ocrx_word' id='word_1_186' title='bbox 398 3350 514 3407; x_wconf 88' lang='lat' dir='ltr'><strong>autem</strong></span> <span class='ocrx_word' id='word_1_187' title='bbox 533 3339 680 3407; x_wconf 89' lang='lat' dir='ltr'><strong>mediate</strong></span> <span class='ocrx_word' id='word_1_188' title='bbox 695 3341 882 3409; x_wconf 89' lang='lat' dir='ltr'><strong>adveniens</strong></span> <span class='ocrx_word' id='word_1_189' title='bbox 896 3342 1075 3428; x_wconf 89' lang='lat' dir='ltr'><strong>materiae,</strong></span> <span class='ocrx_word' id='word_1_190' title='bbox 1097 3342 1132 3408; x_wconf 89' lang='lat' dir='ltr'><strong>id</strong></span> <span class='ocrx_word' id='word_1_191' title='bbox 1146 3348 1197 3408; x_wconf 91' lang='lat' dir='ltr'><strong>est</strong></span> <span class='ocrx_word' id='word_1_192' title='bbox 1214 3364 1301 3428; x_wconf 91' lang='lat' dir='ltr'><strong>quae</strong></span> <span class='ocrx_word' id='word_1_193' title='bbox 1321 3363 1401 3408; x_wconf 92' lang='lat' dir='ltr'><strong>con·</strong></span> 
     </span>
     <span class='ocr_line' id='line_1_25' title="bbox 256 3464 1400 3552; baseline 0.001 -21"><span class='ocrx_word' id='word_1_194' title='bbox 256 3465 412 3551; x_wconf 88' lang='lat' dir='ltr'><strong>sequitur</strong></span> <span class='ocrx_word' id='word_1_195' title='bbox 434 3464 582 3532; x_wconf 90' lang='lat' dir='ltr'><strong>formam</strong></span> <span class='ocrx_word' id='word_1_196' title='bbox 605 3467 882 3552; x_wconf 86' lang='lat' dir='ltr'><strong>substantialem,</strong></span> <span class='ocrx_word' id='word_1_197' title='bbox 906 3491 1043 3534; x_wconf 89' lang='lat' dir='ltr'><strong>rursum</strong></span> <span class='ocrx_word' id='word_1_198' title='bbox 1066 3468 1121 3535; x_wconf 84' lang='lat' dir='ltr'><strong>vel</strong></span> <span class='ocrx_word' id='word_1_199' title='bbox 1145 3472 1196 3534; x_wconf 91' lang='lat' dir='ltr'><strong>est</strong></span> <span class='ocrx_word' id='word_1_200' title='bbox 1220 3490 1240 3532; x_wconf 93' lang='lat' dir='ltr'><strong>a</strong></span> <span class='ocrx_word' id='word_1_201' title='bbox 1259 3472 1400 3551; x_wconf 89' lang='lat' dir='ltr'><strong>natura,</strong></span> 
     </span>
     <span class='ocr_line' id='line_1_26' title="bbox 188 3589 1401 3676; baseline -0.002 -17"><span class='ocrx_word' id='word_1_202' title='bbox 188 3593 232 3659; x_wconf 78' lang='lat'><strong>25</strong></span> <span class='ocrx_word' id='word_1_203' title='bbox 256 3589 292 3655; x_wconf 87' lang='lat' dir='ltr'><strong>id</strong></span> <span class='ocrx_word' id='word_1_204' title='bbox 311 3596 363 3656; x_wconf 91' lang='lat' dir='ltr'><strong>est</strong></span> <span class='ocrx_word' id='word_1_205' title='bbox 387 3590 622 3658; x_wconf 91' lang='lat' dir='ltr'><strong>concomitans</strong></span> <span class='ocrx_word' id='word_1_206' title='bbox 642 3590 790 3658; x_wconf 85' lang='lat' dir='ltr'><strong>sormam</strong></span> <span class='ocrx_word' id='word_1_207' title='bbox 808 3594 1072 3659; x_wconf 89' lang='lat' dir='ltr'><strong>substantialem</strong></span> <span class='ocrx_word' id='word_1_208' title='bbox 1092 3597 1139 3676; x_wconf 84' lang='lat' dir='ltr'><strong>(et</strong></span> <span class='ocrx_word' id='word_1_209' title='bbox 1162 3599 1246 3658; x_wconf 92' lang='lat' dir='ltr'><strong>tunc</strong></span> <span class='ocrx_word' id='word_1_210' title='bbox 1269 3592 1325 3658; x_wconf 91' lang='lat' dir='ltr'><strong>vel</strong></span> <span class='ocrx_word' id='word_1_211' title='bbox 1349 3599 1401 3658; x_wconf 90' lang='lat' dir='ltr'><strong>est</strong></span> 
     </span>
     <span class='ocr_line' id='line_1_27' title="bbox 256 3716 1400 3807; baseline 0.003 -27"><span class='ocrx_word' id='word_1_212' title='bbox 256 3737 467 3801; x_wconf 90' lang='lat' dir='ltr'><strong>consequens</strong></span> <span class='ocrx_word' id='word_1_213' title='bbox 491 3716 587 3783; x_wconf 92' lang='lat' dir='ltr'><strong>illam</strong></span> <span class='ocrx_word' id='word_1_214' title='bbox 610 3720 814 3804; x_wconf 84' lang='lat' dir='ltr'><strong>necessarie,</strong></span> <span class='ocrx_word' id='word_1_215' title='bbox 835 3742 913 3785; x_wconf 91' lang='lat' dir='ltr'><strong>oum</strong></span> <span class='ocrx_word' id='word_1_216' title='bbox 932 3720 1127 3806; x_wconf 89' lang='lat' dir='ltr'><strong>appellatur</strong></span> <span class='ocrx_word' id='word_1_217' title='bbox 1140 3719 1318 3807; x_wconf 89' lang='lat' dir='ltr'><strong>proprium</strong></span> <span class='ocrx_word' id='word_1_218' title='bbox 1339 3739 1400 3784; x_wconf 89' lang='lat' dir='ltr'><strong>seu</strong></span> 
     </span>
     <span class='ocr_line' id='line_1_28' title="bbox 255 3840 1401 3930; baseline 0.001 -25"><span class='ocrx_word' id='word_1_219' title='bbox 255 3840 462 3928; x_wconf 89' lang='lat' dir='ltr'><strong>proprietas,</strong></span> <span class='ocrx_word' id='word_1_220' title='bbox 486 3841 516 3907; x_wconf 88' lang='lat' dir='ltr'><strong>si</strong></span> <span class='ocrx_word' id='word_1_221' title='bbox 539 3842 603 3909; x_wconf 91' lang='lat' dir='ltr'><strong>soli</strong></span> <span class='ocrx_word' id='word_1_222' title='bbox 627 3844 752 3930; x_wconf 89' lang='lat' dir='ltr'><strong>speciei</strong></span> <span class='ocrx_word' id='word_1_223' title='bbox 782 3845 1036 3928; x_wconf 70' lang='lat' dir='ltr'><strong>convenit;&#39;vel</strong></span> <span class='ocrx_word' id='word_1_224' title='bbox 1059 3843 1311 3910; x_wconf 89' lang='lat' dir='ltr'><strong>concomitatur</strong></span> <span class='ocrx_word' id='word_1_225' title='bbox 1334 3841 1401 3907; x_wconf 84' lang='lat' dir='ltr'><strong>for·</strong></span> 
     </span>
     <span class='ocr_line' id='line_1_29' title="bbox 255 3965 1401 4058; baseline 0 -27"><span class='ocrx_word' id='word_1_226' title='bbox 255 3988 348 4032; x_wconf 91' lang='lat' dir='ltr'><strong>mam</strong></span> <span class='ocrx_word' id='word_1_227' title='bbox 371 3965 635 4034; x_wconf 88' lang='lat' dir='ltr'><strong>substantialem</strong></span> <span class='ocrx_word' id='word_1_228' title='bbox 659 3968 914 4056; x_wconf 82' lang='lat' dir='ltr'><strong>contingenter,</strong></span> <span class='ocrx_word' id='word_1_229' title='bbox 939 3993 1017 4036; x_wconf 92' lang='lat' dir='ltr'><strong>cum</strong></span> <span class='ocrx_word' id='word_1_230' title='bbox 1046 3969 1204 4058; x_wconf 88' lang='lat' dir='ltr'><strong>potentia</strong></span> <span class='ocrx_word' id='word_1_231' title='bbox 1232 3966 1276 4035; x_wconf 88' lang='lat' dir='ltr'><strong>ad</strong></span> <span class='ocrx_word' id='word_1_232' title='bbox 1299 3990 1401 4054; x_wconf 82' lang='lat' dir='ltr'><strong>agen-</strong></span> 
     </span>
     <span class='ocr_line' id='line_1_30' title="bbox 255 4089 1401 4184; baseline 0 -27"><span class='ocrx_word' id='word_1_233' title='bbox 255 4089 337 4158; x_wconf 89' lang='lat' dir='ltr'><strong>dum</strong></span> <span class='ocrx_word' id='word_1_234' title='bbox 356 4092 412 4158; x_wconf 91' lang='lat' dir='ltr'><strong>vel</strong></span> <span class='ocrx_word' id='word_1_235' title='bbox 434 4092 637 4180; x_wconf 89' lang='lat' dir='ltr'><strong>patiendum</strong></span> <span class='ocrx_word' id='word_1_236' title='bbox 660 4102 720 4160; x_wconf 87' lang='lat' dir='ltr'><strong>aut</strong></span> <span class='ocrx_word' id='word_1_237' title='bbox 741 4095 946 4184; x_wconf 91' lang='lat' dir='ltr'><strong>impotentia</strong></span> <span class='ocrx_word' id='word_1_238' title='bbox 970 4096 1013 4162; x_wconf 91' lang='lat' dir='ltr'><strong>ad</strong></span> <span class='ocrx_word' id='word_1_239' title='bbox 1036 4104 1234 4181; x_wconf 88' lang='lat' dir='ltr'><strong>utrumque,</strong></span> <span class='ocrx_word' id='word_1_240' title='bbox 1258 4100 1294 4159; x_wconf 89' lang='lat' dir='ltr'><strong>et</strong></span> <span class='ocrx_word' id='word_1_241' title='bbox 1316 4100 1401 4158; x_wconf 89' lang='lat' dir='ltr'><strong>tuno</strong></span> 
     </span>
    </p>
   </div>
   <div class='ocr_carea' id='block_1_3' title="bbox 189 4216 1401 4329">
    <p class='ocr_par' dir='ltr' id='par_1_3' title="bbox 189 4216 1401 4329">
     <span class='ocr_line' id='line_1_31' title="bbox 189 4216 1401 4329; baseline -0.001 -45"><span class='ocrx_word' id='word_1_242' title='bbox 189 4227 234 4294; x_wconf 82' lang='lat'><strong>30</strong></span> <span class='ocrx_word' id='word_1_243' title='bbox 256 4216 451 4305; x_wconf 89' lang='lat' dir='ltr'><strong>appellatur</strong></span> <span class='ocrx_word' id='word_1_244' title='bbox 469 4217 639 4285; x_wconf 90' lang='lat' dir='ltr'><strong>naturalis</strong></span> <span class='ocrx_word' id='word_1_245' title='bbox 657 4220 815 4308; x_wconf 90' lang='lat' dir='ltr'><strong>potentia</strong></span> <span class='ocrx_word' id='word_1_246' title='bbox 834 4221 889 4329; x_wconf 80' lang='lat' dir='ltr'><strong>uel</strong></span> <span class='ocrx_word' id='word_1_247' title='bbox 907 4221 1129 4309; x_wconf 85' lang='lat' dir='ltr'><strong>impotentia,</strong></span> <span class='ocrx_word' id='word_1_248' title='bbox 1149 4242 1272 4307; x_wconf 89' lang='lat' dir='ltr'><strong>nempe</strong></span> <span class='ocrx_word' id='word_1_249' title='bbox 1295 4218 1333 4284; x_wconf 93' lang='lat' dir='ltr'><strong>in</strong></span> <span class='ocrx_word' id='word_1_250' title='bbox 1352 4241 1401 4284; x_wconf 89' lang='lat' dir='ltr'><strong>se-</strong></span> 
     </span>
    </p>
   </div>
   <div class='ocr_carea' id='block_1_4' title="bbox 347 4473 636 4546">
    <p class='ocr_par' dir='ltr' id='par_1_4' title="bbox 347 4473 636 4546">
     <span class='ocr_line' id='line_1_32' title="bbox 347 4473 636 4546; baseline 0.01 -18"><span class='ocrx_word' id='word_1_251' title='bbox 347 4477 377 4528; x_wconf 82' lang='lat' dir='ltr'><strong>lc</strong></span> <span class='ocrx_word' id='word_1_252' title='bbox 393 4473 460 4546; x_wconf 73' lang='lat' dir='ltr'><strong>leqqi</strong></span> <span class='ocrx_word' id='word_1_253' title='bbox 474 4477 636 4531; x_wconf 80' lang='lat' dir='ltr'><strong>extrinseca</strong></span> 
     </span>
    </p>
   </div>
   <div class='ocr_carea' id='block_1_5' title="bbox 0 0 1727 5190">
    <p class='ocr_par' dir='ltr' id='par_1_5' title="bbox 0 0 1727 5190">
     <span class='ocr_line' id='line_1_33' title="bbox 0 0 1727 5190; baseline 0 0"><span class='ocrx_word' id='word_1_254' title='bbox 0 0 1727 5190; x_wconf 95' lang='lat' dir='ltr'><strong> </strong></span> 
     </span>
    </p>
   </div>
  </div>
 </body>
</html>
