3420 5190
558 453 737 502 rievasrro
760 452 1062 504 rnrs1oruvn1rvs.
1325 440 1380 506 147

237 610 431 678 ablatione?
448 614 505 679 An
522 615 743 681 conversione
755 615 852 680 verbi
864 616 900 680 in
918 615 1239 682 denominativum?
1257 617 1381 683 Nonne

153 804 156 808 Α
239 738 442 803 continuum
462 746 512 804 est
531 739 568 804 in
588 739 765 806 infinitum
788 741 978 824 divisibile,
1006 741 1150 827 ideoque
1179 741 1380 807 innumeras

238 864 419 930 continens
438 865 578 951 partes?
598 865 701 931 Mitto
722 866 813 951 quod
831 875 883 931 est
902 866 1084 931 dicendum
1103 866 1146 931 de
1161 867 1229 932 alia
1245 867 1381 932 ratione

238 989 344 1055 totius
364 996 398 1054 et
417 989 580 1076 partium.
598 991 766 1076 Nunquid
781 1014 852 1057 non
870 1014 978 1057 unum
990 991 1204 1058 indivisibile
1222 1015 1285 1058 neo
1303 991 1380 1057 fini·
1405 994 1410 1005 '

192 1111 213 1174 ὃ
237 1120 311 1178 tum
331 1137 402 1180 esse
422 1123 536 1201 potest
555 1139 618 1182 nee
636 1116 839 1182 infinitum?
858 1117 981 1183 Nonne
1000 1117 1134 1183 ratione
1158 1141 1265 1183 unum
1289 1117 1380 1183 idem

236 1238 340 1305 faciet
353 1241 524 1307 contraria
539 1241 668 1307 bonurn
688 1248 721 1307 et
740 1243 883 1325 malum,
904 1242 1171 1308 contradictoria
1195 1243 1324 1308 bonum
1348 1249 1382 1308 et

236 1387 307 1429 non
330 1365 472 1450 bonum,
498 1373 533 1432 et
562 1367 697 1432 diversa
720 1367 894 1433 hominem
922 1374 957 1432 et
985 1390 1127 1453 equum,
1151 1368 1382 1433 substantiam

237 1496 272 1553 et
288 1489 446 1555 accidens
460 1491 634 1557 hominem
651 1499 685 1557 et
695 1492 903 1577 albedinem,
914 1492 1108 1558 albedinem
1122 1500 1156 1558 et
1165 1493 1382 1559 bicubitum?

236 1615 360 1682 Nonne
387 1617 493 1682 etiam
521 1617 550 1682 si
578 1617 785 1705 Lycophron
821 1617 914 1684 dicat
937 1617 1054 1683 ‘homo
1082 1617 1205 1703 albus',
1226 1626 1382 1684 remanet

170 1745 213 1808 10
235 1750 351 1809 tamen
375 1743 510 1810 diversa
533 1744 683 1810 hominis
702 1745 841 1832 albique
860 1745 975 1811 ratio?
993 1744 1162 1811 Similiter
1181 1746 1305 1829 etalii,
1323 1747 1382 1833 qui

235 1871 420 1938 dictionem
445 1878 618 1937 mutantes
638 1895 708 1938 non
727 1871 841 1939 ‘albus
860 1873 925 1938 est’
950 1873 1105 1958 aiebant,
1126 1874 1184 1939 sed
1203 1873 1381 1960 '‘albatur',

234 2020 350 2063 nonne
373 1997 596 2084 decipiuntur
617 1996 843 2063 formidantes
868 2022 911 2063 ne
939 2022 1047 2065 unum
1077 1999 1180 2064 simul
1207 2006 1242 2064 et
1271 2001 1381 2066 multa

234 2122 412 2188 dicerent?
440 2123 650 2189 Nesciebant
674 2124 766 2189 enim
789 2124 957 2190 rationem
982 2124 1196 2210 distinguere
1219 2124 1256 2188 in
1279 2124 1381 2210 plura

236 2248 327 2333 quod
344 2271 451 2314 unum
468 2256 520 2313 est
533 2249 701 2332 subiecto,
718 2257 752 2315 et
767 2250 924 2337 potent-ia
940 2250 1111 2336 distingui
1124 2251 1161 2315 in
1180 2250 1280 2337 plura
1294 2273 1380 2337 quae

169 2381 210 2444 15
235 2396 341 2439 unum
363 2381 444 2439 suut
465 2381 553 2440 actu.
575 2374 673 2452 Quod
692 2375 735 2440 ad
758 2375 914 2459 tertium,
939 2384 1134 2461 arguuntur
1161 2398 1231 2440 non
1260 2374 1382 2440 distin·

234 2506 379 2584 guentes
398 2498 678 2565 immobilitatem
698 2501 886 2566 seeundum
906 2501 1020 2565 locum
1039 2500 1082 2565 ab
1102 2500 1180 2564 aliis
1196 2500 1381 2565 immobili-

232 2626 316 2690 tatis
336 2626 527 2714 speoiebus,
549 2650 627 2692 oum
645 2627 722 2692 tolli
741 2635 915 2711 nequeant
938 2625 998 2692 alii
1021 2632 1135 2690 motus
1155 2625 1215 2710 qui
1237 2625 1377 2691 nomine

234 2752 449 2818 alterationis
478 2753 706 2819 communiter
736 2753 973 2839 designantur.
1002 2751 1101 2829 Quod
1131 2751 1175 2817 ad
1199 2759 1375 2838 quartum,

234 2887 308 2945 tum
332 2880 413 2966 quia
440 2902 512 2945 non
539 2881 761 2967 distinguunt
784 2880 994 2968 principium
1022 2879 1188 2967 temporis
1218 2886 1251 2945 et
1276 2880 1376 2946 dura·

166 3016 211 3079 20
233 3006 339 3071 tionis
359 3030 378 3071 a
401 3006 573 3095 principio
598 3006 867 3096 magniltudinis
891 3013 994 3092 atque
1022 3005 1136 3089 molis,
1168 3014 1242 3072 turn
1272 3005 1378 3071 etiam
1403 3013 1454 3076 5¹·

235 3131 316 3216 quia
332 3131 422 3197 idem
442 3132 603 3197 dicebant
621 3132 832 3220 principium
851 3139 886 3197 et
908 3154 977 3196 ene.
1008 3130 1108 3208 Quod
1132 3130 1175 3196 ad
1201 3130 1377 3216 quintum,

234 3264 308 3322 tum
339 3257 420 3342 quia
450 3279 520 3322 non
555 3257 763 3322 invenerunt
796 3256 948 3322 medium
979 3256 1070 3321 iuter
1095 3278 1155 3320 ens
1174 3255 1379 3342 simpliciter

233 3388 338 3467 atque
356 3381 459 3466 nihil,
479 3388 554 3447 tum
574 3381 678 3448 etiarn
709 3383 790 3467 quia
819 3383 847 3446 si
877 3404 976 3468 posse
1004 3380 1140 3445 definiri
1172 3380 1377 3463 concedant,

233 3507 424 3572 necessario
449 3507 485 3572 iu
509 3513 623 3594 partes
651 3506 848 3572 definitivas
871 3506 1083 3572 distribuant
1107 3511 1253 3593 oportet.
1278 3504 1378 3582 Quod

166 3639 210 3704 25
233 3631 276 3696 ad
296 3640 445 3717 sextmn,
469 3643 663 3718 arguuntur
681 3639 755 3698 tum
775 3640 943 3717 quantum
960 3631 1003 3697 ad
1023 3630 1290 3718 argumentandi
1309 3629 1378 3695 for-

233 3779 340 3840 mam,
366 3758 447 3844 quia
475 3758 728 3845 paralogizant,
760 3765 834 3823 tum
863 3757 967 3822 etiam
1001 3764 1171 3842 quantum
1203 3756 1246 3821 ud
1276 3762 1380 3820 nante·

233 3883 335 3968 riam,
354 3884 434 3968 quia
450 3882 702 3970 propositiones
725 3882 830 3949 falsas
853 3882 1049 3948 adsumunt.
1070 3883 1128 3947 Sic
1147 3882 1238 3946 enim
1263 3879 1378 3945 Melis-

233 4030 291 4072 sus
314 4016 577 4094 argumentatus
600 4008 740 4073 dicitur:
765 4007 872 4093 ‘quod
899 4016 951 4073 est
974 4007 1107 4073 factum
1126 4007 1230 4072 habet
1249 4007 1377 4094 prinei-

232 4135 348 4221 pium,
377 4157 458 4219 ergo
478 4134 570 4219 quod
603 4141 744 4200 nonest
773 4133 904 4200 factum
931 4132 1125 4198 nonhabet
1148 4132 1378 4219 principium

166 4265 210 4329 30
233 4261 262 4327 si
292 4283 362 4327 non
390 4261 614 4349 principium,
640 4283 752 4346 neque
771 4259 888 4342 finem,
908 4282 989 4343 orgo
1009 4267 1061 4324 est
1087 4259 1277 4343 infinitum,
1295 4273 1377 4344 ergo

323 4458 385 4509 2in
408 4473 540 4509 numeras
589 4455 954 4523 Tequumlb'nbstnutiam
1004 4456 1034 4503 19
1051 4452 1216 4519 distingunt
1269 4454 1300 4503 al
1322 4451 1375 4503 dil-

233 4538 361 4592 finitivas
