3420 5190
246 399 304 459 104
682 414 823 459 mamm
844 413 946 458 nnvrr

244 570 391 658 phantes
409 594 481 637 non
498 571 709 659 percipiunt)
733 572 789 637 vel
812 573 908 660 ipsae
931 593 1040 658 aquae
1063 576 1185 657 guttae
1208 569 1245 634 in
1269 575 1394 635 rotun-

243 695 323 762 dam
342 702 377 762 et
399 696 437 763 in
460 696 656 784 sphaeram,
675 697 770 786 (quo)
789 719 851 784 pro
871 679 1004 763 virilius
1028 702 1285 778 conserventur,
1306 714 1391 759 con·

243 822 448 908 globantur,
474 824 478 906 Ι
503 821 659 907 frondes,
698 822 916 887 membranae
957 828 991 887 et
1026 820 1178 886 festucae
1218 819 1262 884 ab
1303 817 1391 905 igne
1418 822 1549 888 497
1565 822 1603 889 G

244 947 409 1014 exsiliunt
438 956 473 1014 et
501 947 765 1032 contrahuntur,
795 948 893 1034 quasi
926 946 1139 1012 contrarium
1171 941 1389 1032 effugientia.

199 1068 338 1138 5Haec
362 1080 415 1139 est
444 1096 563 1140 sensus
592 1073 760 1160 quaedam
787 1073 1010 1161 participatio
1040 1077 1075 1137 et
1099 1069 1304 1136 universalis
1332 1068 1389 1133 in·

243 1199 459 1285 telligentiae
491 1222 553 1286 per
595 1199 795 1265 universum
835 1204 1048 1286 propagatae
1084 1196 1246 1280 effectus,
1283 1216 1388 1281 quem

243 1324 464 1410 consequitur
492 1324 627 1390 affectio
658 1332 693 1389 ct
722 1323 916 1408 inclinat-io,
941 1321 1087 1388 defectio
1118 1328 1154 1387 et
1183 1319 1388 1404 declinatio,

242 1448 397 1514 amicitia
415 1455 450 1514 et
468 1449 511 1515 lis
535 1449 573 1514 in
590 1449 693 1515 rebus
712 1448 885 1533 omnibus,
906 1448 1032 1535 quibus
1056 1453 1149 1530 sunt,
1171 1450 1388 1532 cognoscunt

242 1578 278 1638 et
296 1580 415 1639 amant
434 1575 563 1659 omnia,
579 1580 619 1640 ut
637 1575 730 1639 trina
753 1574 814 1639 illa
832 1573 1090 1661 praedicatione
1115 1571 1283 1637 diviuitas
1307 1591 1388 1657 quo-

178 1700 220 1763 10
244 1699 425 1766 dammodo
445 1701 489 1766 ad
508 1702 624 1767 omnia
643 1700 836 1767 descendat.

703 1926 922 1992 Svnsrnrrm.

331 2155 532 2220 Intellectus
552 2177 633 2241 ergo
657 2155 694 2220 in
718 2155 838 2221 divina
861 2156 1010 2222 essentia
1034 2164 1068 2223 et
1100 2163 1279 2244 separatus
1307 2156 1385 2222 aliis

243 2281 382 2366 quidem
405 2280 601 2368 appellatur
625 2280 704 2347 idea
722 2305 791 2348 una
810 2305 925 2348 rerum
950 2283 1105 2349 omnium
1125 2283 1385 2370 supersubstan-

241 2405 348 2489 tialis,
373 2405 569 2471 intellectus
592 2428 674 2472 vcro
702 2405 740 2470 in
763 2407 865 2472 rebus
890 2415 941 2473 cst
965 2407 1092 2490 virtus,
1118 2430 1185 2493 qua
1210 2407 1326 2473 omnia
1349 2431 1385 2472 se

176 2540 219 2604 15
242 2529 493 2616 quodammodo
531 2536 566 2594 et
600 2530 668 2595 alia
704 2538 931 2617 cognoscunt,
967 2533 1275 2618 quomodocunque
1312 2533 1385 2598 sive

241 2679 343 2720 sensu
366 2655 438 2721 sive
456 2655 590 2720 ratione
609 2658 682 2722 sivo
706 2656 914 2743 simpliciore
940 2657 1055 2742 aliqua
1075 2658 1130 2722 vel
1154 2657 1385 2723 materialiore

241 2781 375 2846 ratione
392 2787 612 2867 cognoscunt.

736 3021 894 3084 Borrine.

331 3228 474 3291 Bonitas
499 3227 695 3292 intellectus
719 3250 777 3290 scu
803 3227 1011 3312 cognitionis
1033 3228 1067 3291 in
1088 3229 1188 3292 rubus
1214 3240 1265 3292 cst
1289 3254 1384 3316 prae-

175 3361 218 3423 20
241 3354 352 3417 sentio
382 3353 436 3417 sui
472 3354 597 3417 obiecti
633 3353 892 3438 cognoscibilis,
930 3353 1058 3417 malum
1094 3376 1174 3417 mro
1217 3356 1383 3421 absentia.

240 3479 334 3542 Hace
355 3480 492 3543 bonitas
511 3480 615 3543 halrct
635 3502 712 3543 suos
732 3479 859 3564 gradus
879 3479 976 3543 iuxta.
1001 3480 1167 3544 momenti
1192 3481 1384 3566 specierum

243 3606 370 3692 gradus
390 3616 425 3670 ct
444 3607 608 3670 ordinem.

736 3839 893 3903 vaurme.

331 4063 467 4128 Veritas
487 4064 738 4150 intelligentiae
756 4082 818 4141 ost,
842 4090 908 4148 qua
929 4080 1052 4130 natura
1072 4088 1164 4131 ret-to
1186 4070 1304 4134 ordino
1325 4095 1386 4157 pro

175 4200 218 4261 ‘25
244 4190 431 4254 dictamine
456 4191 564 4276 ipsius
589 4199 678 4255 recto
704 4191 885 4255 constituit
916 4210 947 4255 ot
979 4193 1213 4257 constituitur.
1245 4197 1304 4258 Est
1338 4197 1388 4260 in-

335 4392 383 4438 l.2
401 4391 642 4453 rutundumforsc
654 4409 671 4438 α
686 4390 796 4455 rupious
813 4394 835 4439 (1¹-
899 4396 914 4441 2
932 4408 987 4457 quo
1004 4396 1041 4440 (ἡ
1059 4410 1107 4440 ena.
1122 4393 1152 4441 l!
1217 4398 1246 4442 13
1263 4396 1344 4444 idnou
1358 4397 1386 4444 ,11

245 4474 273 4524 t?
292 4481 468 4537 cognoscant
486 4476 509 4523 tt
