3420 5190
552 432 732 478 1111111111
753 435 884 480 rarsrcr
904 435 1054 480 nvmrvs.
1312 420 1371 479 207

404 755 510 829 (Hinc
536 759 735 829 respondet
761 760 895 820 octavo
924 762 1195 837 Physloorum.)

762 937 842 950 m

716 1162 815 1229 cAP.
841 1164 886 1229 ΙΙ.

663 1308 697 1347 Ι)1
713 1309 849 1349 aeternitate
863 1313 944 1349 motus.

739 1634 814 1678 ΛΒΤ.
839 1635 860 1678 1.

497 1739 563 1787 Quod
577 1742 650 1778 motus
665 1750 710 1779 non
723 1739 809 1790 incepit
822 1750 872 1780 esse
887 1750 990 1781 11111111
1005 1741 1101 1783 desinet.

315 1963 483 2047 Dubium,
508 1963 637 2050 inquit,
667 1987 711 2030 an
735 1972 849 2030 motus
872 1964 922 2030 ita
946 1964 1133 2053 aliquando
1157 1966 1308 2054 coeperit
1332 1976 1371 2033 ut

226 2091 323 2178 prius
341 2112 412 2154 non
439 2089 559 2173 fuerit,
579 2096 640 2155 aut
668 2089 717 2155 ita
745 2090 949 2176 quandoque
977 2098 1216 2179 corrumpetur
1242 2099 1371 2159 utnon

228 2217 385 2282 futurum
417 2216 465 2281 'sit
492 2216 671 2303 posterius.
703 2215 924 2281 Naturalium
956 2216 1049 2281 enim
1077 2217 1102 2281 ii
1132 2217 1271 2302 quidem
1302 2242 1371 2285 mo-

228 2346 304 2405 tum
332 2363 466 2428 semper
490 2340 610 2424 fuisse,
630 2346 664 2405 et
691 2340 847 2406 infinitos
866 2347 979 2406 motus
1004 2347 1108 2428 atque
1133 2342 1278 2408 mundos
1303 2344 1370 2409 sibi

163 2471 205 2535 10
227 2465 301 2531 sine
320 2464 573 2553 interruptione
596 2465 810 2549 successisse,
836 2488 982 2552 quorum
1005 2466 1245 2553 generationes
1265 2475 1370 2554 atque

226 2589 462 2677 corruptiones
491 2589 565 2655 sine
595 2597 691 2656 mot-u
715 2589 789 2655 fieri
817 2597 1003 2676 nequeunt.
1033 2591 1259 2679 Anaxagoras
1286 2616 1370 2660 vero

226 2737 343 2781 eorum
361 2722 426 2797 est,
448 2715 508 2800 qui
525 2715 692 2781 mundum
716 2715 922 2804 <parendoque
937 2717 1088 2803 coepisse
1105 2724 1271 2783 asserunt.
1292 2719 1370 2784 Em-

224 2839 383 2926 pedocles
401 2840 494 2905 vices
513 2839 573 2905 (lat
592 2839 701 2905 motui
714 2863 776 2926 per
794 2840 892 2905 litem
911 2847 945 2905 et
964 2841 1073 2927 quieti
1092 2865 1153 2928 per
1169 2843 1369 2910 amicitiam.

224 2965 295 3031 Nos
319 2972 434 3031 autem
467 2987 538 3029 non
571 2964 739 3052 incepisse
774 2964 935 3050 dicimus,
967 2988 1045 3032 cum
1078 2966 1226 3052 quilibet
1255 2976 1368 3035 motus

159 3094 201 3159 15
224 3090 351 3157 mobile
381 3097 415 3156 et
443 3090 623 3176 quodlibet
653 3091 779 3156 mobile
808 3097 940 3156 motum
970 3099 1152 3180 supponat.
1181 3093 1237 3159 Et·
1255 3101 1368 3161 motor

222 3239 292 3282 non
320 3223 372 3282 est
399 3222 585 3302 antequam
617 3215 663 3281 sit
694 3216 835 3301 mobile,
862 3224 897 3283 et
926 3218 1053 3284 mobile
1083 3241 1155 3285 non
1186 3226 1239 3286 est
1271 3227 1368 3288 ante·

222 3366 325 3429 quarn
348 3343 394 3408 sit
413 3349 536 3408 motus.
560 3342 607 3406 Et
630 3348 744 3408 motor
766 3342 876 3409 nihilo
901 3343 1111 3430 impediente
1130 3354 1164 3410 et
1183 3345 1279 3413 nulla
1298 3347 1365 3414 dis-

221 3467 394 3555 positione
417 3466 596 3532 defieiente
616 3490 636 3532 a
655 3465 879 3552 dilgnissimo
902 3475 999 3535 motu
1022 3469 1165 3535 minime
1189 3469 1290 3537 debet
1309 3473 1366 3538 ab·

223 3594 359 3659 stinere.
379 3595 425 3659 Et
444 3593 518 3680 ipse
537 3593 611 3658 sine
631 3593 823 3659 mutatione
842 3594 876 3658 in
898 3594 973 3682 ipso
996 3595 1093 3682 prius
1112 3596 1205 3663 faeta
1224 3598 1366 3665 minime

154 3720 199 3783 ‘20
221 3719 265 3784 ad
283 3741 412 3784 novum
430 3719 561 3806 poterit
580 3726 712 3784 motum
730 3720 939 3807 promoveri,
959 3743 1001 3785 ex
1019 3720 1185 3807 hocquod
1204 3744 1274 3789 non
1298 3747 1368 3791 mo-

220 3844 325 3909 vebat
343 3851 461 3926 antea,
474 3866 607 3930 semper
625 3843 716 3909 enim
729 3843 773 3909 ad
787 3866 916 3910 novum
932 3844 1092 3911 effectum
1105 3846 1364 3933 producendum

221 3968 337 4054 aliqua
368 3968 549 4056 dispositio
584 3968 680 4056 prius
714 3970 922 4036 removenda
952 3980 1119 4037 censetur.
1150 3973 1222 4038 Nec
1250 3974 1365 4040 obstat

221 4093 336 4181 ipsum
355 4117 426 4160 esse
451 4100 617 4159 motorem
637 4095 832 4160 voluntarie
862 4105 1022 4181 agentem
1053 4105 1086 4162 et
1111 4098 1207 4163 nulla
1225 4122 1364 4185 prorsus

220 4227 336 4285 actum
354 4218 572 4301 necessitate;
593 4243 726 4306 semper
745 4220 836 4285 enim
853 4230 1049 4288 moventem
1065 4222 1108 4286 ad
1128 4222 1164 4287 id
1183 4223 1274 4308 quod
1293 4246 1364 4289 non

909 4362 1270 4370 ————.-—.-—-.
1277 4365 1355 4372 ...-

312 4425 325 4471 l
343 4420 518 4485 phisioorum
583 4421 605 4471 11
623 4437 732 4470 virmero
754 4421 825 4472 della
842 4422 944 4487 popina
960 4422 973 4470 1
989 4425 1014 4484 6,
1033 4423 1122 4473 iacere
1135 4422 1164 4473 di
1177 4425 1204 4487 1,
1222 4425 1360 4476 oell'ediz.

220 4498 289 4570 erip.
353 4501 510 4568 5111111111
575 4501 749 4568 incoepisse
798 4503 843 4564 ,ll
860 4503 1019 4569 incoepisse

1393 761 1496 843 (4²⁹)

1389 3476 1485 3559 (4⁹)
