3420 5190
573 433 755 480 movanrio
776 435 907 480 Paretur
929 437 1079 482 Avm'rva

741 753 816 798 ΛΒΤ.
850 754 900 797 111.

359 877 468 918 Rationes
481 877 564 928 quibus
577 877 667 918 videtur
683 879 744 919 loeus
758 889 807 919 erae
822 880 919 920 materia
929 880 966 921 vel
978 881 1065 933 forma,
1079 891 1137 931 quae
1153 881 1279 922 diluuntur.

336 1071 519 1154 Locorum,
539 1069 667 1156 inquit,
685 1093 763 1137 cum
787 1070 875 1137 alius
895 1071 1033 1158 quidem
1050 1074 1241 1141 communis
1258 1075 1306 1159 (in
1325 1097 1392 1161 quo

248 1200 348 1287 plura
366 1199 421 1264 vel
445 1197 560 1264 omnia
584 1220 727 1285 corpora
750 1199 1100 1286 comprehenduntur)
1120 1201 1180 1285 sit,
1197 1199 1285 1266 alius
1310 1224 1392 1267 vero

203 1320 224 1386 5
247 1324 408 1412 proprius
427 1325 476 1407 (in
496 1346 563 1410 quo
586 1347 695 1390 unum
710 1325 950 1392 tantummodo
969 1326 1197 1409 continetur),
1216 1325 1328 1413 primo
1348 1325 1392 1391 ad

250 1449 429 1537 utriusque
454 1449 622 1515 rationem
647 1449 913 1537 respicientibus
944 1449 1114 1516 terminus
1133 1450 1274 1536 quidam
1300 1449 1393 1515 vide·

249 1575 364 1658 biltur
382 1599 454 1642 esse
471 1576 586 1659 locus,
599 1583 632 1641 et
643 1598 706 1662 per
718 1598 928 1662 consequens
940 1575 1069 1663 species
1081 1582 1184 1662 atque
1200 1574 1312 1640 forma
1325 1597 1392 1660 qua
1419 1573 1508 1638 262

248 1701 453 1788 magnitudo
477 1707 512 1765 ct
538 1699 792 1787 magnitudinis
822 1701 966 1767 materia
996 1701 1211 1767 terminatur.
1233 1699 1390 1766 Secundo

247 1834 363 1892 autem
381 1826 475 1892 locus
490 1833 659 1912 quatenus
678 1826 845 1893 distantia
865 1826 1032 1912 quaedam
1045 1825 1299 1913 magnitudinis
1319 1848 1392 1891 esse

184 1954 227 2018 10
249 1952 374 2037 fertur,
394 1958 429 2018 et
447 1951 534 2017 illud
553 1952 645 2038 quod
663 1952 727 2018 sub
743 1952 855 2018 forma
874 1951 1038 2018 definitur
1053 1950 1276 2017 indefinitum
1295 1951 1392 2038 quip-

247 2078 342 2165 piam
361 2084 452 2144 certe
467 2085 507 2143 ut
518 2077 664 2144 materia
682 2077 867 2163 iudicatur,
881 2078 972 2144 unde
987 2077 1024 2143 in
1040 2077 1253 2164 Γ1111110110
1273 2077 1392 2142 eodem

248 2204 407 2288 materia,
427 2204 521 2270 locus
545 2210 580 2270 et
598 2204 852 2291 receptaculum
876 2209 1097 2291 usurpantur.
1120 2202 1192 2268 Nos
1211 2224 1291 2268 vero
1311 2225 1391 2269 neu·

248 2334 342 2395 trum
371 2329 494 2395 horum
521 2329 685 2416 possibile
704 2352 775 2394 esse
802 2328 882 2394 inde
907 2328 1153 2395 convincimus.
1174 2327 1290 2393 Primo
1310 2327 1392 2414 quia

249 2456 343 2532 locus
362 2455 407 2520 ab
426 2477 465 2520 eo
482 2455 579 2520 cuius
598 2463 649 2520 est
668 2455 763 2520 locus
775 2461 972 2541 separatur,
993 2454 1036 2520 ab
1050 2476 1088 2519 eo
1101 2476 1182 2519 vero
1199 2454 1296 2519 cuius
1308 2453 1392 2519 haec

185 2580 226 2644 15
251 2587 332 2646 eunt
351 2579 496 2646 materia
515 2587 619 2666 atque
644 2578 757 2646 forma
775 2579 918 2645 minime
933 2602 1106 2664 umquam.
1132 2579 1289 2645 Secundo
1309 2579 1392 2662 (fere

248 2713 288 2773 ut
307 2706 430 2795 primo)
451 2713 593 2772 nonest
619 2705 732 2772 forma
755 2707 850 2772 locus
874 2705 955 2791 quia
975 2728 995 2771 1
1014 2705 1159 2772 materia
1183 2703 1392 2789 seiungitur,

248 2850 358 2917 neque
378 2839 430 2898 est
448 2831 592 2898 materia
613 2831 694 2917 quia
709 2853 833 2918 corpus
853 2831 1016 2896 continet.
1034 2830 1137 2896 Mitto
1153 2831 1245 2916 quod
1264 2830 1392 2915 digres-

248 2958 355 3025 sionis
379 2981 480 3024 causa
509 2958 578 3023 dici
596 2964 710 3046 potest
734 2958 778 3024 ad
798 2959 978 3024 Platonem
1001 2980 1161 3024 numeros
1192 2956 1392 3042 ideasquca

247 3088 322 3154 loco
341 3087 525 3153 facientem
538 3086 734 3170 abhorrere,
755 3108 832 3151 cum
851 3093 967 3151 tamen
979 3084 1108 3150 dixerit
1123 3107 1180 3150 eas
1197 3109 1216 3151 a
1235 3084 1390 3169 materia,

182 3222 227 3286 ‘20
248 3215 303 3280 vel
319 3235 445 3300 magno
462 3221 566 3299 etque
580 3235 697 3300 parve,
716 3211 929 3299 participari.
950 3211 1066 3277 Tertio
1087 3211 1168 3297 quia
1187 3211 1217 3276 si
1235 3212 1330 3276 locus
1348 3210 1394 3276 al-

250 3347 362 3405 terum
380 3338 503 3404 horum
525 3345 623 3422 esset,
644 3337 813 3422 quomodo
841 3336 886 3402 ad
912 3337 1026 3402 locum
1045 3359 1189 3424 corpora
1220 3335 1396 3401 naturalia

250 3465 491 3531 moverentur?
512 3462 730 3551 Impossibile
747 3462 885 3549 quidem
903 3467 954 3526 est
970 3461 1043 3528 eius
1063 3486 1135 3527 esse
1154 3464 1276 3545 locum,
1296 3461 1394 3527 cuins

251 3598 364 3657 motus
387 3613 522 3656 sursum
541 3611 612 3655 non
642 3597 694 3654 est
721 3611 832 3674 neque
851 3587 1019 3654 deorsum.
1040 3588 1171 3666 Quarto
1200 3587 1329 3675 quiesi
1349 3588 1396 3652 lo·

251 3741 310 3783 cus
333 3716 445 3783 forma
464 3722 515 3781 est
534 3723 595 3782 aut
613 3715 770 3798 materia,
790 3713 942 3799 haecque
958 3737 1037 3780 cum
1056 3712 1261 3800 composito,
1281 3712 1395 3778 locum

184 3849 227 3913 25
251 3842 383 3909 moveri
406 3843 444 3908 in
467 3840 580 3907 locum
602 3841 738 3926 locique
761 3840 873 3905 locum
893 3862 974 3905 1111.
994 3839 1125 3918 Quinto
1150 3837 1232 3923 quia
1251 3860 1328 3901 011111
1353 3859 1394 3901 ex

252 3976 330 4034 aere
349 3990 438 4054 aqua
457 3967 551 4033 fact-a
567 3972 634 4050 est,
656 3973 747 4032 certe
766 3988 890 4052 corpus
909 3965 1040 4030 factum
1060 3986 1130 4029 11011
1149 3970 1201 4028 est
1220 3963 1256 4027 in
1275 3962 1394 4027 eodem

252 4093 328 4160 loco
344 4094 382 4159 in
402 4116 468 4179 qno
492 4100 694 4180 corruptum
724 4115 847 4179 corpus
874 4098 961 4173 erat;
983 4089 1088 4177 periit
1116 4112 1197 4175 ergo
1220 4089 1326 4153 locus.
1346 4087 1396 4152 At

253 4242 334 4285 vero
354 4220 524 4306 quomodo
544 4225 579 4285 et
598 4242 685 4304 quae
704 4226 755 4283 est
774 4217 858 4283 haec
877 4217 944 4282 loci
963 4214 1163 4302 corruptio?

929 4364 1098 4373 .-...-,--
1117 4364 1152 4370 -.
1169 4364 1187 4368 -
1203 4361 1394 4369 ,--...-..-.--..-

348 4437 377 4484 11
396 4436 495 4486 Timeo
557 4431 629 4484 111·
653 4434 727 4498 loppa
749 4434 908 4496 composito
932 4436 1115 4491 (moventur,
1138 4428 1283 4492 sequitur>
1301 4425 1394 4474 locum

255 4517 301 4581 (cs.
315 4515 428 4566 Aristar.
439 4532 469 4580 p.
485 4517 549 4566 210·
560 4517 587 4580 a)
602 4512 676 4578 epila
689 4511 736 4580 pia
746 4514 826 4580 sorec
843 4514 873 4562 in
887 4511 950 4563 loco
965 4509 1050 4561 insece
1064 4507 1094 4559 di
1107 4508 1136 4558 iu
1151 4509 1247 4558 locum

386 4611 464 4653 Bauiu
480 4610 592 4662 011111.
609 4608 632 4660 1,
647 4609 667 4648 1.
1209 4603 1234 4646 aa
