3420 5190
566 427 747 478 novennio
768 426 1074 480 mundaremus.
1113 356 1132 411 Ο
1333 423 1390 481 155

251 606 387 651 sursum
405 585 498 651 ferri.
517 586 600 652 Tale
618 608 700 653 varo
719 588 930 676 principium
953 589 1180 656 intrinsecum
1200 614 1285 676 esse,
1309 593 1392 658 ridi-

251 715 367 780 culum
390 722 442 780 est
471 713 662 799 ostendere,
696 738 774 782 cum
802 716 891 782 nihil
920 717 995 804 ipso
1025 718 1135 805 magis
1164 725 1257 784 extet
1286 719 1393 785 mani-

250 838 387 905 festum.

735 1128 843 1174 nnnc.
866 1129 905 1173 11.

496 1251 605 1292 usturam
621 1252 732 1302 duplicem
747 1256 770 1292 ct
784 1253 949 1302 quodammodo
963 1254 1076 1305 trlpllccm
1091 1265 1149 1295 cuc.

339 1475 436 1558 Haec,
455 1474 585 1562 inquit,
615 1481 741 1543 natura
759 1476 887 1564 duplex
915 1484 968 1543 est
990 1477 1213 1566 principium,
1244 1480 1392 1546 materia

248 1601 410 1667 videlicet
430 1607 533 1687 atque
551 1600 672 1667 forma.
697 1602 878 1669 Materiam
903 1603 1042 1689 quidem
1061 1626 1133 1670 esse
1156 1610 1317 1670 naturam
1341 1611 1393 1671 est

248 1727 492 1808 manifestum,
509 1733 584 1793 tum
608 1749 650 1792 ex
668 1727 733 1793 hoc
751 1728 843 1813 quod
863 1728 1013 1815 primum
1032 1728 1182 1795 informe
1198 1730 1393 1797 subiectum

248 1853 397 1919 maxime
415 1858 542 1918 natura
561 1852 793 1937 existimatur,
813 1860 853 1919 ut
872 1876 914 1918 ex
931 1853 1020 1919 lecto
1039 1861 1263 1942 putrescente
1282 1854 1393 1921 decla-

183 1979 226 2043 10
247 1985 303 2044 rat
320 1977 516 2065 Antiphon,
536 1982 571 2042 et
590 1999 633 2042 ex
651 2000 733 2044 auro
754 1978 845 2063 quod
864 1978 1046 2065 inaquam
1067 1984 1103 2044 et
1120 1977 1217 2065 ligno
1244 1980 1336 2065 quod
1354 1980 1391 2046 iu

246 2110 374 2169 terram
401 2104 551 2169 vertitur
573 2101 651 2184 alii;
676 2109 751 2169 tum
770 2103 876 2169 etiam
896 2127 938 2169 ex
966 2103 1189 2190 antiquorum
1217 2105 1390 2172 communi

247 2227 433 2314 sententia,
465 2226 525 2314 qni
544 2251 626 2294 sane
659 2234 768 2294 totam
787 2228 837 2293 rei
856 2228 1089 2295 substantiam
1105 2235 1210 2316 atque
1228 2237 1390 2296 naturam

248 2361 380 2442 (utpote
393 2377 500 2420 uuum
518 2361 685 2442 perpetuo
697 2376 853 2439 manens,
870 2377 976 2442 supra
997 2377 1064 2441 quo
1084 2354 1242 2421 infinitae
1257 2355 1390 2422 formae

247 2480 440 2563 variantur)
469 2480 649 2546 materiam
677 2503 749 2547 esse
779 2479 1012 2564 crediderunt,
1044 2501 1129 2566 quos
1158 2479 1297 2565 quidem
1326 2504 1388 2568 per

182 2613 223 2676 15
245 2628 369 2694 pueros
392 2613 526 2693 patrem
554 2628 575 2671 a
600 2611 710 2671 matre
737 2628 808 2672 non
831 2605 1085 2691 distinguentes
1115 2605 1282 2692 figurasse
1310 2629 1387 2693 pos·

245 2753 371 2797 snmus.
391 2731 553 2798 Formam
573 2752 709 2816 quoque
728 2737 891 2796 naturam
910 2752 1000 2795 esse:
1019 2729 1132 2817 primo
1153 2752 1194 2794 ex
1208 2730 1273 2796 hoc
1297 2730 1387 2817 quod

245 2855 320 2943 ipsa
354 2855 448 2921 antia
473 2856 665 2935 natturalia
691 2855 878 2941 distinguit
907 2861 1011 2940 atqua
1044 2854 1260 2939 denominat,
1294 2855 1387 2921 haud
1413 2862 1483 2924 11¹³

245 2981 346 3047 aliter
358 3003 462 3066 quam
475 2981 671 3047 artificialia
684 2979 883 3047 denominat
893 3002 962 3062 ars;
982 2980 1130 3046 secundo
1150 3003 1192 3045 ex
1210 2980 1274 3045 hoc
1295 2981 1386 3066 quod

245 3129 264 3171 a
292 3106 403 3172 forma
422 3105 612 3171 similitudo
642 3105 686 3171 ab
709 3111 834 3191 agente
853 3105 891 3170 in
910 3128 1049 3192 passum
1074 3111 1109 3170 et
1135 3128 1156 3171 a
1174 3105 1385 3193 producente

177 3236 223 3300 20
245 3231 282 3297 in
308 3231 515 3318 productum
544 3230 812 3313 transmittitur;
844 3230 947 3298 tertio
971 3253 1013 3296 ex
1040 3252 1080 3296 eo
1110 3230 1192 3315 quia
1222 3230 1251 3295 si
1280 3239 1386 3296 mate·

245 3358 345 3442 riam,
374 3365 642 3446 propterquam
670 3357 843 3423 naturalia
867 3357 1008 3423 suntin
1031 3356 1202 3445 potentia,
1227 3364 1387 3422 naturam

244 3483 409 3570 dicimus,
437 3507 499 3550 cur
527 3506 598 3550 non
629 3483 752 3550 maiori
782 3483 917 3549 ratione
946 3482 1112 3568 formam,
1145 3481 1241 3549 cuins
1264 3482 1387 3548 merito

244 3617 326 3676 sunt
353 3608 390 3675 in
413 3610 565 3676 actu?—
579 3616 701 3696 quarto
731 3609 813 3695 quia
843 3608 919 3675 ideo
951 3609 1086 3696 lignum
1119 3631 1190 3675 non
1224 3608 1387 3674 lectulum

244 3758 316 3801 esse
338 3742 463 3801 natura
486 3735 624 3801 dicebat
653 3733 850 3821 Antiphon,
879 3735 961 3820 quia
991 3757 1061 3801 non
1088 3735 1235 3800 lectulus
1258 3734 1316 3800 scd
1346 3734 1386 3799 li-

177 3872 221 3936 25
244 3883 352 3946 gnum
380 3884 443 3950 per
460 3860 696 3947 generationis
725 3867 841 3927 actum
869 3860 968 3925 redit.
992 3861 1154 3926 Formam
1176 3859 1285 3946 igitur
1308 3859 1386 3924 sub·

244 3986 443 4053 stantialem
477 3994 637 4052 naturam
668 3984 829 4070 dicimus,
863 3984 1142 4071 quandoquidem
1174 4007 1216 4050 ox
1249 3984 1388 4050 homine

244 4112 284 4175 tit
306 4110 418 4178 homo.
449 4111 686 4178 Privationem
714 4132 850 4196 qnoque
878 4111 907 4176 si
938 4110 994 4177 cui
1024 4118 1185 4176 naturam
1214 4110 1387 4198 appellare

242 4235 400 4321 libuerit,
414 4259 484 4303 non
502 4236 585 4302 satis
602 4235 754 4321 aberrat,
768 4235 798 4300 si
813 4235 903 4303 forte
919 4235 1069 4317 aberret,
1086 4235 1237 4323 privatio
1260 4235 1387 4322 quippe

334 4504 364 4553 lo*
380 4517 443 4554 osse
457 4504 548 4572 primo
