3420 5190
788 405 928 450 IORDANI
948 404 1049 450 BRVNI

704 695 824 760 XXII.
857 696 1133 763 Insrnvnnrrvu.
1520 697 1591 760 '78
1604 698 1663 761 Μ

439 949 669 1035 Quaecunque
693 948 871 1015 definitam
887 948 1017 1015 habent
1033 956 1207 1036 naturam,
1228 951 1322 1017 illius
1341 960 1425 1017 sunt
1440 953 1496 1019 ἱηε

349 1080 593 1159 strumentum,
605 1074 679 1162 ipse
690 1098 772 1141 vero
785 1075 927 1157 nullium
939 1099 1040 1141 nemo
1053 1076 1146 1142 enim
1158 1077 1232 1163 agit
1244 1077 1332 1164 ipsc,
1346 1077 1405 1143 sed
1419 1078 1492 1165 ipse

351 1199 426 1286 agit
445 1199 618 1283 omnibus,
642 1200 724 1265 licet
747 1200 785 1265 in
807 1201 909 1266 rebus
933 1201 1089 1266 ordinem
1114 1202 1284 1287 quendam
1308 1203 1493 1291 comperia-

307 1326 328 1388 5
351 1347 439 1407 mus,
459 1330 498 1390 ut
516 1347 627 1412 pauca
645 1323 797 1391 habeant
812 1326 983 1391 rationem
1002 1326 1080 1391 finis
1105 1333 1208 1411 atque
1227 1327 1385 1414 perfecti,
1406 1352 1493 1414 quae

353 1449 514 1516 videlicet
532 1450 576 1516 ad
594 1457 755 1516 naturam
775 1459 809 1516 et
828 1450 1047 1517 nobilitatem
1066 1451 1221 1517 divinam
1240 1453 1383 1539 propius
1403 1476 1494 1519 acce-

352 1575 458 1658 dunt,
492 1574 534 1640 de
565 1575 691 1661 quibus
724 1576 913 1664 improprie
941 1576 1068 1642 dicitur
1098 1577 1369 1643 instrumentum
1399 1600 1492 1662 esse,

353 1699 513 1788 proprius
556 1724 637 1767 vero
669 1701 820 1767 medium
853 1707 887 1767 et
929 1702 1162 1767 mediatorem.
1189 1703 1252 1767 Est
1287 1711 1402 1768 autem
1443 1703 1494 1768 in-

352 1832 583 1890 strumentum
607 1826 788 1913 multiplex
816 1833 851 1892 et
879 1826 1043 1910 medium,
1064 1826 1156 1911 quod
1178 1826 1354 1891 descendit
1377 1827 1419 1892 ad
1440 1828 1493 1893 sui

288 1957 330 2020 10
353 1950 711 2035 communicationem,
731 1951 812 2017 licet
835 1952 952 2017 eadem
971 1952 1018 2017 sit
1035 1952 1160 2035 virtus,
1181 1975 1268 2039 quae
1292 1952 1392 2018 modo
1412 1953 1494 2018 dici-

353 2082 411 2140 tur
437 2075 580 2163 spiritus
599 2077 715 2143 omnia
733 2076 925 2161 vivificans,
948 2078 952 2166 t
973 2076 1073 2142 modo
1099 2077 1241 2143 verbnm
1265 2078 1380 2165 omnia
1404 2101 1497 2144 reve·
1518 2081 1630 2146 480
1645 2082 1691 2149 G

353 2201 444 2284 lans,
467 2201 569 2267 modo
587 2202 699 2268 virtus
719 2201 834 2267 omnia
862 2223 1017 2285 movens,
1038 2201 1140 2268 modo
1168 2201 1229 2267 lux
1259 2203 1375 2268 omnia
1402 2226 1496 2269 exor-

355 2348 459 2410 nanS,
488 2324 588 2393 modo
619 2327 712 2413 ignis
744 2327 859 2392 omnia
889 2326 1095 2410 accendens,
1127 2334 1161 2392 et
1191 2327 1315 2392 affectu
1346 2329 1496 2413 (prodam

355 2449 513 2517 beatifico
533 2452 683 2539 replens3
704 2451 770 2518 ista
789 2461 871 2518 sunt
886 2452 995 2519 veluti
1014 2452 1244 2518 instrumenta
1260 2454 1386 2518 summi
1402 2453 1495 2519 illius

290 2574 659 2662 15a1·tifi0is,quibus
687 2576 884 2642 nniversam
914 2576 1094 2642 materiam
1124 2576 1161 2642 in
1191 2576 1345 2643 ordinem
1377 2585 1496 2644 tantae

357 2701 616 2767 constitutionis
635 2701 862 2767 fabrefactam
881 2724 953 2767 esse
971 2709 1117 2767 constat.
1131 2702 1407 2768 Instrumentum
1427 2728 1496 2770 ma-

357 2828 528 2894 terialiter
545 2826 639 2893 illius
659 2834 711 2912 (ut
733 2851 827 2894 more
851 2829 1099 2917 prophetarum
1118 2829 1240 2914 loquar
1264 2835 1298 2894 et
1322 2830 1497 2916 metapho-

358 2953 439 3036 rice)
463 2959 514 3018 est
543 2952 655 3018 orbita
690 2953 788 3035 coeli,
819 2976 906 3038 quae
930 2954 1023 3018 illius
1047 2953 1166 3019 adut-ta
1198 2955 1300 3041 pulsu
1324 2954 1496 3039 vertigine

356 3103 416 3144 sua
432 3078 547 3144 omnia
563 3077 647 3142 haee
671 3078 835 3143 inferiora
855 3079 1013 3144 etl'omnat
1033 3088 1135 3164 utque
1152 3081 1296 3165 figurat,
1317 3103 1424 3164 eaque
1440 3105 1496 3145 va-

290 3216 334 3277 20
357 3207 406 3269 ric
431 3205 605 3289 exagitata
630 3227 737 3288 usque
767 3204 850 3271 adeo
882 3205 992 3288 varia,
1018 3205 1107 3269 sicut
1126 3205 1251 3290 figulus
1282 3229 1323 3269 ex
1352 3229 1420 3270 una
1440 3230 1493 3270 ar-

355 3331 441 3416 gilla
458 3328 693 3407 infiffnitorum
713 3352 872 3395 vasorum
891 3329 1160 3396 innumerabiles
1179 3332 1307 3417 species
1327 3331 1471 3417 effingit.
1520 3339 1590 3402 ’79
1602 3338 1658 3400 Μ

790 3579 929 3643 XXIII.
950 3580 1057 3644 mus.

443 3843 520 3928 lpse
540 3843 631 3906 solus
650 3840 792 3904 ultimus
810 3837 950 3902 estsinis
970 3838 1186 3924 simpliciter,
1202 3840 1245 3905 au
1263 3865 1364 3926 quem
1381 3844 1496 3908 onmia

356 3968 494 4033 tandem
514 3967 728 4031 ‹truinanuuz
749 3963 961 4049 Simpliciter
984 3972 1034 4027 est
1055 3964 1145 4047 finis,
1164 3966 1245 4050 quia
1265 3990 1334 4032 nou
1359 3976 1410 4032 cst
1431 3992 1496 4032 me·

290 4094 332 4155 ‘25
356 4094 465 4177 dium,
486 4093 640 4157 absolute
660 4091 751 4173 finis,
770 4089 850 4172 quia
874 4089 920 4151 itu
943 4096 992 4153 ve
1013 4089 1155 4154 ultimus
1179 4102 1219 4155 ut
1241 4092 1346 4157 etiam
1366 4093 1411 4156 sit
1430 4095 1498 4178 pri-

358 4242 451 4284 mum
471 4217 695 4304 principium,
716 4215 763 4278 im
785 4214 888 4277 etium
913 4214 991 4277 finis
1019 4234 1055 4278 ut,
1080 4216 1251 4282 ‹frunt-sitiat
1278 4241 1355 4282 rum
1374 4219 1498 4304 princi·

449 4418 464 4463 2¹
482 4416 683 4478 (Quaecumque
700 4413 722 4460 (ι’
782 4418 798 4456 >5
814 4410 947 4475 proprius
962 4409 1001 4457 JI:
1018 4427 1107 4469 magra
1123 4415 1235 4479 proprio
1251 4415 1274 4459 (1
1338 4414 1366 4463 ll
1385 4414 1499 4479 replens

357 4496 414 4547 ista
426 4495 458 4544 ,n
519 4496 550 4543 2¹¹
567 4496 645 4543 varia
658 4493 688 4542 ,11
696 4509 701 4542 ;
720 4493 897 4553 variatfersr
911 4507 986 4539 seusu
1000 4491 1123 4541 nutantis
1142 4496 1163 4539 (ι’
