3420 5190
326 391 364 454 78
763 409 902 456 tonnam
923 407 1023 456 naum

325 567 425 633 valde
448 567 551 651 bona;
575 567 668 634 haud
692 568 829 655 quidem
853 568 883 634 si
906 569 950 634 ad
972 567 1189 655 singulorum
1211 572 1332 632 votum
1356 571 1390 631 et
1408 589 1466 652 ap·

324 694 473 780 petitum
509 700 700 782 spectemus
732 694 1024 781 (quandoquidem
1053 694 1191 781 singula
1221 692 1258 759 in
1291 692 1466 780 praesenti

325 819 437 908 specie
460 827 495 886 et
517 842 660 888 numero
679 821 875 887 desiderant
892 819 1116 908 perpetuari),
1148 818 1207 885 scd
1226 818 1255 884 si
1285 817 1329 884 ad
1358 815 1466 904 ipsius

327 945 480 1013 universi
499 947 654 1013 ordinem
674 953 877 1035 spectemus.

741 1237 843 1304 XIII.
867 1237 1045 1304 Ooanirro.

413 1499 492 1587 Ipse
510 1505 562 1565 est
580 1499 654 1584 lux,
675 1505 749 1564 turn
769 1498 885 1564 omnia
902 1498 1036 1583 videns,
1053 1505 1128 1564 tum
1147 1497 1264 1564 omnia
1282 1497 1398 1563 videre
1417 1496 1468 1564 fa·

326 1625 436 1711 ciana,
462 1646 564 1711 quem
587 1623 677 1689 nihil
699 1624 797 1706 latet;
823 1622 904 1709 quia
928 1623 1216 1710 quemadmodum
1239 1645 1466 1710 quaecunque

326 1756 422 1834 sunt,
441 1749 536 1815 iliius
553 1748 749 1838 praesentia
767 1756 861 1832 sunt,
881 1770 949 1834 quo
964 1749 1106 1815 absente
1125 1748 1214 1813 nihil
1236 1754 1335 1815 esset.
1355 1750 1410 1815 Ita
1429 1756 1464 1814 et

318 1897 549 1963 ,quaecunque
575 1881 800 1961 cognoscunt,
830 1875 962 1960 vident,
995 1882 1250 1962 cognoscuntur
1279 1880 1382 1961 atque
1419 1875 1468 1941 vi·
1510 1942 1527 1977 ,k

263 2003 305 2068 10
327 2000 466 2084 dentur,
486 2000 549 2066 sub
569 2000 663 2065 illius
681 1999 812 2067 lumine
826 2000 1019 2066 claritatem
1034 2007 1138 2086 atque
1156 1999 1367 2066 evidentiam
1387 2022 1467 2066 con·

328 2124 476 2212 cipiunt,
488 2125 584 2191 cuius
597 2125 750 2212 cognitio
761 2148 872 2211 neque
888 2147 1006 2191 sensus
1026 2131 1091 2210 est,
1104 2125 1163 2191 sed
1175 2148 1311 2192 sensum
1322 2125 1466 2209 sacione,
1493 2129 1631 2193 74M

327 2273 439 2336 neque
457 2250 547 2317 ratio
571 2258 635 2335 est,
666 2250 725 2316 sed
754 2251 924 2318 rationem
954 2250 1117 2318 ordinans
1138 2250 1142 2338 Ι
1163 2274 1223 2316 seu
1253 2272 1467 2339 promovens,
1491 2254 1602 2320 4'7'7
1619 2251 1661 2320 G

328 2397 439 2462 neque
449 2375 645 2442 intellectus
655 2376 800 2443 rationis
810 2398 896 2464 opus
906 2398 1130 2461 consequens,
1141 2376 1200 2442 sed
1219 2399 1314 2443 mens
1333 2399 1469 2444 omnem

329 2500 553 2587 intellectum,
576 2500 746 2607 rationem
770 2507 873 2588 atque
897 2525 1033 2568 sensum
1057 2502 1262 2569 antecedens
1290 2508 1325 2567 et
1353 2525 1471 2591 super·

264 2625 306 2692 15
329 2634 460 2712 astans,
479 2629 541 2695 lux
563 2627 810 2696 inaccessibilis
829 2650 965 2695 omnem
981 2627 1091 2694 lucem
1114 2627 1306 2694 terminans
1334 2627 1470 2695 anullo

329 2753 526 2822 terminata.

743 3039 839 3105 XIV.
864 3039 1058 3106 Vouvurss.

420 3313 496 3380 Hac
514 3311 712 3400 cognitione
731 3321 765 3378 et
783 3313 859 3378 luce
874 3313 1015 3399 praevia
1039 3313 1153 3379 omnia
1178 3320 1404 3399 cognoscente
1426 3321 1475 3380 at-

332 3464 399 3528 que
417 3440 654 3526 distinguente
673 3445 708 3503 et
724 3438 992 3524 uniuscuiusque
1011 3438 1059 3503 rei
1080 3445 1219 3525 captum
1240 3446 1343 3523 atque
1363 3437 1475 3524 digni·
1576 3439 1579 3442 ’

266 3567 311 3634 20
333 3574 441 3632 tatem
465 3570 704 3652 cognoscente,
731 3564 882 3629 succedit
905 3571 1001 3629 actus
1026 3563 1118 3629 illius
1142 3564 1334 3629 voluntatis
1358 3564 1474 3628 onmia

333 3690 543 3780 perficientis
562 3698 597 3755 et
616 3690 659 3756 ad
677 3691 805 3756 bonum
817 3691 1053 3777 optimumque
1063 3690 1167 3755 finem
1182 3689 1378 3775 dirigentis,
1398 3711 1475 3776 pro·

333 3817 505 3884 moventis
521 3823 555 3881 et
571 3815 802 3903 perducentis;
824 3839 911 3901 quac
930 3840 1011 3882 sane
1028 3816 1197 3898 volumen,
1223 3838 1300 3881 cum
1320 3815 1474 3902 omnipo-

334 3949 411 4007 tens
439 3941 484 4007 sit
513 3948 618 4027 atque
637 3941 858 4024 oinniscienS,
882 3966 951 4008 non
980 3949 1094 4028 potest
1126 3941 1378 4026 irregularitate
1402 3940 1472 4005 ulla

334 4066 583 4154 praevaricare,
609 4066 693 4150 quin
716 4067 831 4153 potius
855 4068 929 4153 ipsa
949 4076 1001 4132 est
1021 4067 1192 4153 ipsissima
1220 4067 1351 4152 regula,
1377 4065 1476 4130 recti·

269 4196 312 4260 25
335 4192 418 4257 tudo
438 4198 542 4278 atque
562 4192 704 4257 iustitia.

1177 4336 1194 4343 -
1199 4336 1220 4341 -.
1227 4335 1464 4343 ..Ν-ᾡ-

430 4395 467 4444 14.
478 4394 508 4441 15
524 4408 662 4459 superans
675 4391 698 4438 G
759 4394 789 4441 21
808 4393 996 4457 praevaricari
1011 4409 1023 4440 e
1037 4396 1127 4456 (firme
1138 4411 1190 4458 per
1203 4411 1296 4444 errori·
1308 4393 1475 4461 tipoyrqt'cc)

336 4474 404 4544 quia
419 4476 442 4525 G
